<DATE>;<TIME>;<LAST>;<VOL>;<ID>;<OPER>
20240307;095951;585;1;9789717403;B
20240307;095951;585;1;9789717404;B
20240307;095951;585;3;9789717405;B
20240307;095951;585;1;9789717406;S
20240307;095951;585;2;9789717407;B
20240307;095951;585;1;9789717408;S
20240307;095951;585;6;9789717409;S
20240307;095951;585;1;9789717410;S
20240307;095951;585;1;9789717411;S
20240307;095951;585;2;9789717412;S
20240307;095951;585;1;9789717413;S
20240307;095951;585;5;9789717414;S
20240307;095951;585;6;9789717415;S
20240307;095951;585;1;9789717416;B
20240307;095951;585;20;9789717417;S
20240307;095951;585;18;9789717418;S
20240307;095951;585;1;9789717419;B
20240307;095951;585;3;9789717420;B
20240307;095951;585;1;9789717421;B
20240307;095951;585;1;9789717422;B
20240307;095951;585;4;9789717423;B
20240307;095951;585;10;9789717424;B
20240307;095951;585;3;9789717425;B
20240307;095951;585;3;9789717426;B
20240307;095951;585;3;9789717427;B
20240307;095951;585;3;9789717428;B
20240307;095951;585;20;9789717429;B
20240307;095951;585;3;9789717430;B
20240307;095951;585;26;9789717431;B
20240307;095951;585;3;9789717432;B
20240307;095951;585;5;9789717433;B
20240307;095951;585;1;9789717434;B
20240307;095951;585;7;9789717435;B
20240307;095951;585;1;9789717436;B
20240307;095951;585;12;9789717437;B
20240307;095951;585;1;9789717438;B
20240307;095951;585;3;9789717439;B
20240307;095951;585;3;9789717440;B
20240307;095951;585;3;9789717441;B
20240307;095951;585;1;9789717442;B
20240307;095951;585;2;9789717443;B
20240307;095951;585;11;9789717444;B
20240307;095951;585;1;9789717445;B
20240307;095951;585;4;9789717446;B
20240307;095951;585;1;9789717447;B
20240307;095951;585;1;9789717448;B
20240307;095951;585;1;9789717449;B
20240307;095951;585;6;9789717450;B
20240307;095951;585;2;9789717451;B
20240307;095951;585;2;9789717452;B
20240307;095951;585;21;9789717453;B
20240307;095951;585;3;9789717454;B
20240307;095951;585;1;9789717455;B
20240307;095951;585;1;9789717456;B
20240307;095951;585;7;9789717457;B
20240307;095951;585;8;9789717458;B
20240307;095951;585;2;9789717459;B
20240307;095951;585;2;9789717460;B
20240307;095951;585;1;9789717461;S
20240307;095951;585;10;9789717462;B
20240307;095951;585;5;9789717463;S
20240307;095951;585;6;9789717464;S
20240307;095951;585;1;9789717465;S
20240307;095951;585;5;9789717466;S
20240307;095951;585;4;9789717467;S
20240307;095951;585;8;9789717468;S
20240307;095951;585;1;9789717469;S
20240307;095951;585;2;9789717470;S
20240307;095951;585;1;9789717471;S
20240307;095951;585;6;9789717472;S
20240307;095951;585;22;9789717473;S
20240307;095951;585;2;9789717474;S
20240307;095951;585;1;9789717475;S
20240307;095951;585;3;9789717476;S
20240307;095951;585;20;9789717477;S
20240307;095951;585;1;9789717478;S
20240307;095951;585;1;9789717479;S
20240307;095951;585;3;9789717480;S
20240307;095951;585;2;9789717481;S
20240307;095951;585;1;9789717482;S
20240307;095951;585;2;9789717483;S
20240307;095951;585;1;9789717484;S
20240307;095951;585;11;9789717485;S
20240307;095951;585;4;9789717486;S
20240307;095951;585;26;9789717487;S
20240307;095951;585;2;9789717488;S
20240307;095951;585;1;9789717489;S
20240307;095951;585;2;9789717490;S
20240307;095951;585;14;9789717491;S
20240307;095951;585;1;9789717492;S
20240307;095951;585;19;9789717493;S
20240307;095951;585;3;9789717494;S
20240307;095951;585;5;9789717495;S
20240307;095951;585;2;9789717496;S
20240307;095951;585;1;9789717497;S
20240307;095951;585;3;9789717498;S
20240307;095951;585;1;9789717499;S
20240307;095951;585;3;9789717500;S
20240307;095951;585;3;9789717501;S
20240307;095951;585;8;9789717502;S
20240307;095951;585;2;9789717503;S
20240307;095951;585;10;9789717504;S
20240307;095951;585;2;9789717505;S
20240307;095951;585;50;9789717506;S
20240307;095951;585;9;9789717507;S
20240307;095951;585;2;9789717508;S
20240307;095951;585;1;9789717509;S
20240307;095951;585;1;9789717510;S
20240307;095951;585;3;9789717511;S
20240307;095951;585;4;9789717512;S
20240307;095951;585;1;9789717513;S
20240307;095951;585;2;9789717514;S
20240307;095951;585;5;9789717515;S
20240307;095951;585;1;9789717516;S
20240307;095951;585;9;9789717517;S
20240307;095951;585;4;9789717518;S
20240307;095951;585;1;9789717519;S
20240307;095951;585;7;9789717520;B
20240307;095951;585;16;9789717521;B
20240307;095951;585;1;9789717522;B
20240307;095951;585;20;9789717523;B
20240307;095951;585;4;9789717524;B
20240307;095951;585;1;9789717525;S
20240307;095951;585;2;9789717526;S
20240307;095951;585;1;9789717527;S
20240307;095951;585;1;9789717528;S
20240307;095951;585;58;9789717529;S
20240307;095951;585;3;9789717530;S
20240307;095951;585;4;9789717531;S
20240307;095951;585;10;9789717532;S
20240307;095951;585;1;9789717533;S
20240307;095951;585;1;9789717534;S
20240307;095951;585;100;9789717535;S
20240307;095951;585;2;9789717536;S
20240307;095951;585;2;9789717537;S
20240307;095951;585;1;9789717538;S
20240307;095951;585;1;9789717539;S
20240307;095951;585;1;9789717540;S
20240307;095951;585;1;9789717541;S
20240307;095951;585;3;9789717542;S
20240307;095951;585;1;9789717543;S
20240307;095951;585;8;9789717544;S
20240307;095951;585;9;9789717545;S
20240307;095951;585;1;9789717546;S
20240307;095951;585;2;9789717547;S
20240307;095951;585;10;9789717548;S
20240307;095951;585;2;9789717549;S
20240307;095951;585;30;9789717550;S
20240307;095951;585;2;9789717551;S
20240307;095951;585;2;9789717552;S
20240307;095951;585;1;9789717553;S
20240307;095951;585;4;9789717554;S
20240307;095951;585;12;9789717555;S
20240307;095951;585;1;9789717556;S
20240307;095951;585;2;9789717557;S
20240307;095951;585;66;9789717558;S
20240307;095951;585;5;9789717559;S
20240307;095951;585;2;9789717560;S
20240307;095951;585;1;9789717561;S
20240307;095951;585;2;9789717562;S
20240307;095951;585;10;9789717563;S
20240307;095951;585;1;9789717564;S
20240307;095951;585;1;9789717565;S
20240307;095951;585;1;9789717566;S
20240307;095951;585;4;9789717567;S
20240307;095951;585;2;9789717568;S
20240307;095951;585;1;9789717569;S
20240307;095951;585;2;9789717570;S
20240307;095951;585;3;9789717571;S
20240307;095951;585;17;9789717572;S
20240307;095951;585;2;9789717573;S
20240307;095951;585;1;9789717574;S
20240307;095951;585;1;9789717575;S
20240307;095951;585;1;9789717576;S
20240307;095951;585;3;9789717577;S
20240307;095951;585;1;9789717578;S
20240307;095951;585;1;9789717579;S
20240307;095951;585;17;9789717580;S
20240307;095951;585;1;9789717581;S
20240307;095951;585;1;9789717582;S
20240307;095951;585;1;9789717583;S
20240307;095951;585;140;9789717584;S
20240307;095951;585;7;9789717585;S
20240307;095951;585;1;9789717586;S
20240307;095951;585;1;9789717587;S
20240307;095951;585;1;9789717588;S
20240307;095951;585;2;9789717589;S
20240307;095951;585;100;9789717590;B
20240307;095951;585;1;9789717591;B
20240307;095951;585;8;9789717592;B
20240307;095951;585;1;9789717593;B
20240307;095951;585;1;9789717594;B
20240307;095951;585;1;9789717595;B
20240307;095951;585;500;9789717596;B
20240307;095951;585;6;9789717597;B
20240307;095951;585;10;9789717598;B
20240307;095951;585;1;9789717599;B
20240307;095951;585;10;9789717600;S
20240307;095951;585;1;9789717601;S
20240307;095951;585;1;9789717602;S
20240307;095951;585;20;9789717603;S
20240307;095951;585;18;9789717604;S
20240307;095951;585;2;9789717605;S
20240307;095951;585;10;9789717606;S
20240307;095951;585;5;9789717607;S
20240307;095951;585;8;9789717608;S
20240307;095951;585;10;9789717609;B
20240307;095951;585;2;9789717610;B
20240307;095951;585;1;9789717611;B
20240307;095951;585;362;9789717612;B
20240307;095951;585;8;9789717613;B
20240307;095951;585;90;9789717614;B
20240307;095951;585;55;9789717615;B
20240307;095951;585;2;9789717616;B
20240307;095951;585;30;9789717617;B
20240307;100000;584.8;5;9789719733;S
20240307;100000;584.8;195;9789719734;S
20240307;100000;584.8;100;9789719735;S
20240307;100000;584.8;300;9789719778;S
20240307;100000;584.8;100;9789719863;S
20240307;100000;584.9;100;9789719864;B
20240307;100000;584.8;100;9789719873;S
20240307;100000;584.8;3;9789719877;S
20240307;100000;584.8;202;9789719932;S
20240307;100000;584.8;98;9789719934;B
20240307;100000;584.8;2;9789719935;B
20240307;100000;584.8;98;9789719959;B
20240307;100000;584.8;2;9789719960;B
20240307;100000;584.8;98;9789719966;B
20240307;100000;584.85;32;9789719967;B
20240307;100000;585;70;9789719968;B
20240307;100000;584.75;1;9789720034;S
20240307;100000;584.7;1;9789720036;S
20240307;100000;584.65;7;9789720037;S
20240307;100000;584.6;2;9789720038;S
20240307;100000;584.6;1;9789720039;S
20240307;100000;584.55;1;9789720040;S
20240307;100000;584.55;148;9789720041;S
20240307;100000;584.6;27;9789720048;S
20240307;100000;584.55;13;9789720049;S
20240307;100000;584.55;6;9789720080;S
20240307;100000;584.55;6;9789720081;S
20240307;100000;584.75;18;9789720173;B
20240307;100000;584.55;200;9789720181;S
20240307;100000;584.8;1;9789720295;B
20240307;100000;584.55;200;9789720298;S
20240307;100000;584.8;5;9789720303;B
20240307;100000;584.8;1;9789720304;B
20240307;100000;584.55;150;9789720309;S
20240307;100000;584.55;50;9789720334;S
20240307;100000;584.8;1;9789720335;B
20240307;100000;584.75;200;9789720361;S
20240307;100000;584.75;3;9789720371;S
20240307;100000;584.75;197;9789720374;S
20240307;100000;584.75;3;9789720387;B
20240307;100000;584.75;100;9789720389;S
20240307;100000;584.8;92;9789720455;B
20240307;100000;584.8;8;9789720456;B
20240307;100001;584.75;4;9789720546;S
20240307;100001;584.75;15;9789720561;S
20240307;100001;584.8;1;9789720578;B
20240307;100001;584.75;160;9789720762;S
20240307;100001;584.75;60;9789720763;S
20240307;100001;584.8;91;9789720832;B
20240307;100001;584.8;9;9789720833;B
20240307;100001;584.75;4;9789720878;S
20240307;100001;584.75;136;9789720900;S
20240307;100001;584.75;200;9789720901;S
20240307;100001;584.75;100;9789720902;S
20240307;100001;584.7;1;9789720903;S
20240307;100001;584.6;13;9789720904;S
20240307;100001;584.55;227;9789720905;S
20240307;100001;584.5;1;9789720906;S
20240307;100001;584.5;10;9789720907;S
20240307;100001;584.5;315;9789720908;S
20240307;100001;584.75;96;9789721043;B
20240307;100001;584.75;331;9789721076;B
20240307;100001;584.8;191;9789721077;B
20240307;100001;584.8;100;9789721078;B
20240307;100001;584.85;35;9789721079;B
20240307;100001;584.95;343;9789721080;B
20240307;100001;584.5;45;9789721141;S
20240307;100001;584.5;100;9789721142;S
20240307;100001;584.5;2;9789721143;S
20240307;100001;584.45;4;9789721144;S
20240307;100001;584.45;6;9789721145;S
20240307;100001;584.45;44;9789721146;S
20240307;100001;584.4;1;9789721147;S
20240307;100001;584.4;2;9789721148;S
20240307;100001;584.4;1;9789721149;S
20240307;100001;584.35;45;9789721150;S
20240307;100001;584.35;50;9789721157;S
20240307;100001;584.6;45;9789721187;S
20240307;100001;584.6;130;9789721203;S
20240307;100001;584.6;1;9789721206;S
20240307;100001;584.6;30;9789721259;S
20240307;100001;584.6;75;9789721300;S
20240307;100001;584.6;20;9789721369;S
20240307;100001;584.85;1;9789721393;B
20240307;100001;584.85;42;9789721436;B
20240307;100001;584.85;58;9789721437;B
20240307;100001;584.9;1;9789721479;B
20240307;100001;584.9;15;9789721497;B
20240307;100001;584.6;2;9789721498;S
20240307;100002;584.95;2;9789721618;B
20240307;100002;584.6;200;9789721682;S
20240307;100002;584.6;33;9789721685;S
20240307;100002;584.9;51;9789721760;B
20240307;100002;584.9;7;9789721767;B
20240307;100002;584.6;3;9789721818;S
20240307;100002;584.95;3;9789721855;B
20240307;100002;584.95;1;9789721933;B
20240307;100002;584.6;461;9789721935;S
20240307;100002;584.6;40;9789721936;S
20240307;100002;584.5;46;9789721937;S
20240307;100002;584.5;10;9789721938;S
20240307;100002;584.5;5;9789721939;S
20240307;100002;584.45;856;9789721940;S
20240307;100002;584.4;2582;9789721941;S
20240307;100002;584.4;29;9789721959;S
20240307;100002;584.4;60;9789721977;S
20240307;100002;584.5;100;9789721991;B
20240307;100002;584.4;100;9789722022;S
20240307;100002;584.4;6;9789722040;S
20240307;100002;584.4;28;9789722064;S
20240307;100002;584.4;10;9789722080;S
20240307;100002;584.5;1;9789722091;B
20240307;100002;584.35;55;9789722123;S
20240307;100002;584.2;200;9789722124;S
20240307;100002;584.2;1;9789722125;S
20240307;100002;584.2;3;9789722126;S
20240307;100002;584.2;3;9789722127;S
20240307;100002;584.2;245;9789722128;S
20240307;100002;584.2;500;9789722129;S
20240307;100002;584.15;3;9789722130;S
20240307;100002;584.15;5;9789722131;S
20240307;100002;584.15;40;9789722132;S
20240307;100002;584.15;51;9789722133;S
20240307;100002;584.1;15;9789722134;S
20240307;100002;584.1;3;9789722135;S
20240307;100002;584.1;3;9789722136;S
20240307;100002;584.05;5;9789722137;S
20240307;100002;584.05;5;9789722138;S
20240307;100002;584.05;3;9789722139;S
20240307;100002;584.05;15;9789722140;S
20240307;100002;584;1;9789722141;S
20240307;100002;584;2;9789722142;S
20240307;100002;584;1;9789722143;S
20240307;100002;584;50;9789722144;S
20240307;100002;584;2;9789722145;S
20240307;100002;584;3;9789722146;S
20240307;100002;584;1;9789722147;S
20240307;100002;584;10;9789722148;S
20240307;100002;584;2;9789722149;S
20240307;100002;584;2;9789722150;S
20240307;100002;584;5;9789722151;S
20240307;100002;584;50;9789722152;S
20240307;100002;583.95;3;9789722153;S
20240307;100002;583.9;212;9789722154;S
20240307;100002;584.45;50;9789722191;B
20240307;100002;583.85;3;9789722218;S
20240307;100002;583.85;1;9789722219;S
20240307;100002;583.8;13;9789722220;S
20240307;100002;583.8;5;9789722221;S
20240307;100002;583.8;776;9789722222;S
20240307;100002;583.8;50;9789722223;S
20240307;100002;583.75;712;9789722224;S
20240307;100002;584.45;1;9789722226;B
20240307;100002;583.8;1;9789722248;S
20240307;100002;583.8;4;9789722252;B
20240307;100002;584.45;200;9789722255;B
20240307;100002;583.8;86;9789722261;S
20240307;100002;584.4;100;9789722282;B
20240307;100002;584.4;14;9789722286;B
20240307;100002;584.5;1;9789722291;B
20240307;100002;583.8;90;9789722299;S
20240307;100002;583.75;20;9789722300;S
20240307;100002;583.7;2;9789722305;S
20240307;100002;583.7;38;9789722306;S
20240307;100002;583.7;2;9789722311;S
20240307;100002;583.7;20;9789722312;S
20240307;100002;583.7;5;9789722313;S
20240307;100002;583.95;4;9789722324;B
20240307;100002;583.95;1;9789722326;B
20240307;100002;583.7;75;9789722328;S
20240307;100002;583.7;85;9789722329;S
20240307;100002;583.75;260;9789722330;B
20240307;100002;583.7;1;9789722338;S
20240307;100002;583.7;29;9789722353;S
20240307;100002;583.7;29;9789722355;S
20240307;100002;583.7;87;9789722357;S
20240307;100002;583.7;87;9789722363;S
20240307;100002;583.95;1;9789722364;B
20240307;100002;583.95;3;9789722366;B
20240307;100002;583.95;1;9789722374;B
20240307;100002;583.7;40;9789722376;S
20240307;100002;583.7;35;9789722386;S
20240307;100002;583.7;100;9789722391;S
20240307;100002;583.7;50;9789722417;S
20240307;100002;583.7;25;9789722418;S
20240307;100002;583.9;20;9789722433;B
20240307;100002;583.9;2;9789722437;B
20240307;100002;583.7;2;9789722502;S
20240307;100002;583.7;10;9789722506;S
20240307;100002;583.7;420;9789722529;S
20240307;100002;583.65;1;9789722530;S
20240307;100002;583.65;6;9789722531;S
20240307;100002;583.65;54;9789722532;S
20240307;100002;583.6;219;9789722533;S
20240307;100002;583.9;1;9789722539;B
20240307;100003;583.65;6;9789722648;S
20240307;100003;583.9;27;9789722653;B
20240307;100003;583.95;190;9789722654;B
20240307;100003;584.05;2;9789722655;B
20240307;100003;584.05;53;9789722656;B
20240307;100003;584.05;728;9789722657;B
20240307;100003;584.15;185;9789722662;B
20240307;100003;584;1;9789722667;S
20240307;100003;583.95;12;9789722668;S
20240307;100003;583.8;14;9789722669;S
20240307;100003;583.8;36;9789722683;S
20240307;100003;583.8;307;9789722736;S
20240307;100003;584;1;9789722754;B
20240307;100003;583.75;70;9789722772;S
20240307;100003;583.75;10;9789722789;S
20240307;100003;583.75;100;9789722841;S
20240307;100003;584;1;9789722845;B
20240307;100003;583.75;8;9789722903;S
20240307;100003;583.75;2;9789722913;S
20240307;100003;584;1;9789722918;B
20240307;100003;583.75;10;9789722931;S
20240307;100003;583.75;50;9789722946;S
20240307;100003;583.75;150;9789722947;S
20240307;100003;584;1;9789722949;B
20240307;100003;584;20;9789722950;B
20240307;100003;583.75;2;9789722958;S
20240307;100003;583.75;19;9789722961;S
20240307;100003;584;6;9789722964;B
20240307;100003;583.75;49;9789722965;S
20240307;100003;583.75;12;9789722977;S
20240307;100003;584;2;9789722978;B
20240307;100003;583.75;3;9789722986;S
20240307;100003;584;1;9789722992;B
20240307;100003;583.75;13;9789722993;S
20240307;100003;583.75;9;9789723015;S
20240307;100003;583.75;35;9789723021;S
20240307;100003;583.75;25;9789723025;S
20240307;100003;583.75;1;9789723027;S
20240307;100003;583.75;2;9789723028;S
20240307;100003;583.75;1;9789723032;S
20240307;100003;583.75;1;9789723056;S
20240307;100003;583.75;40;9789723066;S
20240307;100003;584;1;9789723094;B
20240307;100003;584;1;9789723106;B
20240307;100003;583.6;2;9789723107;S
20240307;100004;583.6;4;9789723119;S
20240307;100004;583.6;20;9789723178;S
20240307;100004;583.9;1;9789723199;B
20240307;100004;583.6;2;9789723205;S
20240307;100004;583.6;141;9789723206;S
20240307;100004;583.6;209;9789723207;S
20240307;100004;583.9;2;9789723262;B
20240307;100004;583.9;1;9789723281;B
20240307;100004;583.7;5;9789723324;S
20240307;100004;583.65;45;9789723325;S
20240307;100004;583.65;5;9789723360;S
20240307;100004;583.9;6;9789723361;B
20240307;100004;583.95;2;9789723362;B
20240307;100004;584;32;9789723363;B
20240307;100004;584;6;9789723367;B
20240307;100004;584;2;9789723382;B
20240307;100004;583.65;1;9789723385;S
20240307;100004;583.7;1;9789723500;S
20240307;100004;583.7;100;9789723519;S
20240307;100004;583.7;59;9789723524;S
20240307;100005;583.6;4;9789723652;S
20240307;100005;583.75;1;9789723792;S
20240307;100005;583.75;1;9789723793;S
20240307;100005;584;1;9789723795;B
20240307;100005;584;4;9789723796;B
20240307;100005;583.75;5;9789723797;S
20240307;100005;583.75;1;9789723798;S
20240307;100005;584;1;9789723802;B
20240307;100005;583.75;1;9789723883;S
20240307;100005;584;1;9789723885;B
20240307;100005;583.75;1;9789723886;S
20240307;100005;583.75;1;9789723887;S
20240307;100005;583.75;1;9789723888;S
20240307;100005;584;1;9789723889;B
20240307;100005;584;1;9789723891;B
20240307;100005;583.75;3;9789723892;S
20240307;100005;584;2;9789723895;B
20240307;100005;583.75;280;9789724059;S
20240307;100005;583.7;60;9789724060;S
20240307;100005;583.6;36;9789724220;S
20240307;100005;583.6;2;9789724221;S
20240307;100005;584;1;9789724223;B
20240307;100005;584;1;9789724224;B
20240307;100005;583.6;4;9789724449;S
20240307;100005;583.6;1;9789724451;S
20240307;100005;583.6;2;9789724452;S
20240307;100005;583.6;2;9789724453;S
20240307;100005;584;1;9789724456;B
20240307;100005;584;1;9789724457;B
20240307;100005;584;1;9789724458;B
20240307;100005;583.6;2;9789724460;S
20240307;100005;584;1;9789724461;B
20240307;100005;583.6;5;9789724492;S
20240307;100005;583.6;1;9789724493;S
20240307;100005;583.6;1;9789724494;S
20240307;100005;583.6;2;9789724495;S
20240307;100005;584;1;9789724496;B
20240307;100005;584;1;9789724497;B
20240307;100005;584;2;9789724498;B
20240307;100006;584;2;9789724500;B
20240307;100006;583.6;2;9789724501;S
20240307;100006;584;1;9789724502;B
20240307;100006;584;1;9789724503;B
20240307;100006;584;1;9789724838;B
20240307;100006;584;1;9789724839;B
20240307;100006;584;3;9789724840;B
20240307;100006;583.75;1;9789724841;S
20240307;100006;584;1;9789724844;B
20240307;100006;584;1;9789724845;B
20240307;100006;583.75;1;9789724846;S
20240307;100006;583.7;1;9789724847;S
20240307;100006;583.7;2;9789725063;S
20240307;100006;583.65;2;9789725064;S
20240307;100006;583.65;45;9789725068;S
20240307;100006;583.65;2;9789725073;S
20240307;100006;583.65;2;9789725076;S
20240307;100006;584;1;9789725080;B
20240307;100006;584;4;9789725222;B
20240307;100006;584;2;9789725223;B
20240307;100006;584;3;9789725224;B
20240307;100006;584;20;9789725225;B
20240307;100006;584;50;9789725226;B
20240307;100006;584;10;9789725227;B
20240307;100006;584.05;11;9789725228;B
20240307;100006;584.05;2;9789725234;B
20240307;100006;584.05;1;9789725253;B
20240307;100006;584.15;1;9789725256;B
20240307;100006;584.15;3;9789725259;B
20240307;100006;584.15;1;9789725264;B
20240307;100006;583.65;2;9789725269;S
20240307;100006;583.65;5;9789725407;S
20240307;100006;584.15;1;9789725414;B
20240307;100006;583.65;1;9789725422;S
20240307;100006;584.15;1;9789725429;B
20240307;100006;583.65;4;9789725436;S
20240307;100007;584.15;1;9789725655;B
20240307;100007;584.15;1;9789725657;B
20240307;100007;583.65;2;9789725659;S
20240307;100007;584.15;1;9789725897;B
20240307;100007;583.7;2;9789725898;S
20240307;100007;583.7;5;9789725899;S
20240307;100007;584.15;1;9789725900;B
20240307;100007;583.7;2;9789725901;S
20240307;100007;583.7;2;9789725902;S
20240307;100007;583.7;2;9789725903;S
20240307;100007;583.7;2;9789725904;S
20240307;100007;584.15;1;9789725905;B
20240307;100007;583.7;2;9789725906;S
20240307;100007;584.15;1;9789725907;B
20240307;100007;584.15;5;9789725912;B
20240307;100007;583.7;3;9789725913;S
20240307;100007;583.7;2;9789725914;S
20240307;100007;584.15;8;9789725915;B
20240307;100007;584.15;1;9789725916;B
20240307;100007;583.7;2;9789725917;S
20240307;100007;583.7;2;9789725918;S
20240307;100007;584.15;2;9789725923;B
20240307;100007;583.7;1;9789725926;S
20240307;100007;584.05;2;9789726065;S
20240307;100007;583.7;86;9789726066;S
20240307;100007;583.65;12;9789726067;S
20240307;100007;584;1;9789726268;B
20240307;100007;583.55;1;9789726269;S
20240307;100007;584;1;9789726270;B
20240307;100007;584;17;9789726271;B
20240307;100007;584;1;9789726272;B
20240307;100007;583.55;1;9789726273;S
20240307;100007;583.55;1;9789726274;S
20240307;100007;584.1;1;9789726276;B
20240307;100007;584.1;2;9789726277;B
20240307;100007;584.1;2;9789726278;B
20240307;100007;583.55;2;9789726280;S
20240307;100007;584.1;1;9789726294;B
20240307;100007;583.55;2;9789726474;S
20240307;100007;583.55;2;9789726475;S
20240307;100007;583.55;20;9789726476;S
20240307;100007;583.55;111;9789726477;S
20240307;100007;583.55;2;9789726539;S
20240307;100007;584.1;2;9789726542;B
20240307;100007;584.1;2;9789726545;B
20240307;100007;584.1;10;9789726552;B
20240307;100007;583.55;4;9789726557;S
20240307;100008;584.1;1;9789726917;B
20240307;100008;583.55;2;9789726925;S
20240307;100008;584.1;1;9789726932;B
20240307;100008;584.1;1;9789726948;B
20240307;100008;584.1;1;9789726952;B
20240307;100008;584.1;85;9789726953;B
20240307;100008;583.55;2;9789726955;S
20240307;100008;583.55;2;9789726956;S
20240307;100008;583.55;2;9789726957;S
20240307;100008;583.55;2;9789726959;S
20240307;100008;584.1;41;9789726960;B
20240307;100008;584.1;1;9789726961;B
20240307;100008;583.55;6;9789726962;S
20240307;100008;583.55;15;9789726964;S
20240307;100008;584.1;4;9789726965;B
20240307;100008;584.1;2;9789726969;B
20240307;100008;583.55;2;9789726970;S
20240307;100008;583.55;2;9789726974;S
20240307;100008;584.05;15;9789726976;B
20240307;100008;583.6;2;9789726984;S
20240307;100008;584.1;2;9789726987;B
20240307;100008;583.6;1;9789726994;S
20240307;100008;584.1;1;9789726997;B
20240307;100008;583.6;1;9789727008;S
20240307;100008;583.6;3;9789727012;S
20240307;100008;584;2;9789727077;S
20240307;100008;584;8;9789727165;S
20240307;100008;583.65;72;9789727166;S
20240307;100008;583.65;1;9789727191;S
20240307;100008;583.65;2;9789727193;S
20240307;100008;584.1;2;9789727195;B
20240307;100008;584.1;1;9789727196;B
20240307;100008;583.6;1;9789727197;S
20240307;100008;583.6;10;9789727198;S
20240307;100008;583.6;111;9789727257;S
20240307;100008;583.6;150;9789727268;S
20240307;100008;583.6;5;9789727287;S
20240307;100008;584.1;41;9789727322;B
20240307;100008;584.15;21;9789727323;B
20240307;100008;584.15;1;9789727324;B
20240307;100008;584.15;292;9789727325;B
20240307;100008;583.65;2;9789727369;S
20240307;100008;583.65;155;9789727370;S
20240307;100008;583.65;40;9789727371;S
20240307;100008;583.65;18;9789727372;S
20240307;100008;584.15;4;9789727602;B
20240307;100008;583.6;1;9789727603;S
20240307;100008;584.15;1;9789727606;B
20240307;100008;584.15;1;9789727607;B
20240307;100008;584.15;1;9789727615;B
20240307;100008;584.15;1;9789727618;B
20240307;100008;583.6;1;9789727619;S
20240307;100008;584.15;1;9789727620;B
20240307;100008;583.6;4;9789727621;S
20240307;100009;583.6;12;9789727872;S
20240307;100009;583.6;1;9789727943;S
20240307;100009;584.15;1;9789727944;B
20240307;100009;584.15;1;9789727947;B
20240307;100009;584.15;1;9789727948;B
20240307;100009;584.15;5;9789727949;B
20240307;100009;583.6;1;9789727950;S
20240307;100009;584.15;1;9789728201;B
20240307;100009;584.15;2;9789728202;B
20240307;100009;584.15;2;9789728203;B
20240307;100009;584.05;1;9789728289;S
20240307;100009;584.05;17;9789728466;S
20240307;100010;584.05;14;9789728743;S
20240307;100010;584.15;2;9789728850;B
20240307;100010;584.05;32;9789728899;S
20240307;100010;584.15;2;9789728929;B
20240307;100010;584.15;2;9789728936;B
20240307;100010;584.05;20;9789728938;S
20240307;100010;584.15;2;9789729040;B
20240307;100011;584.15;5;9789729458;B
20240307;100011;584.05;6;9789729569;S
20240307;100011;584.2;1;9789729704;B
20240307;100011;584.2;5;9789729741;B
20240307;100012;584.2;5;9789729908;B
20240307;100013;584.2;5;9789730131;B
20240307;100014;584.2;5;9789730226;B
20240307;100014;584.05;10;9789730227;S
20240307;100015;584.15;1;9789730638;B
20240307;100015;584.2;80;9789730639;B
20240307;100015;584.2;169;9789730640;B
20240307;100015;584.05;40;9789730780;S
20240307;100015;584.05;48;9789730848;S
20240307;100017;584.05;212;9789731492;S
20240307;100017;584.05;5;9789731493;S
20240307;100017;583.9;5;9789731494;S
20240307;100017;583.75;44;9789731495;S
20240307;100017;583.7;2;9789731496;S
20240307;100017;583.7;54;9789731497;S
20240307;100017;584.15;2;9789731535;B
20240307;100018;583.65;1;9789731802;S
20240307;100018;583.6;1;9789731803;S
20240307;100018;583.6;3;9789731804;S
20240307;100018;584.15;5;9789731829;B
20240307;100018;583.6;212;9789731832;S
20240307;100020;584.1;7;9789732496;B
20240307;100022;583.9;1;9789733017;S
20240307;100023;584;1;9789733323;B
20240307;100024;583.9;1;9789733491;S
20240307;100024;583.9;3;9789733520;S
20240307;100024;584.1;1;9789733604;B
20240307;100025;583.95;36;9789734050;B
20240307;100026;583.9;2;9789734271;S
20240307;100027;583.95;600;9789734623;B
20240307;100028;583.9;3;9789734794;S
20240307;100029;583.85;50;9789735146;S
20240307;100029;583.8;50;9789735147;S
20240307;100029;583.95;1;9789735250;B
20240307;100030;583.8;50;9789735297;S
20240307;100030;583.8;249;9789735298;S
20240307;100031;583.95;1;9789735568;B
20240307;100031;583.95;1;9789735675;B
20240307;100031;584.1;48;9789735676;B
20240307;100031;584.1;1;9789735677;B
20240307;100031;584.1;1;9789735678;B
20240307;100031;584.1;2;9789735679;B
20240307;100031;584.1;3;9789735680;B
20240307;100031;584.1;1;9789735681;B
20240307;100031;584.1;1;9789735682;B
20240307;100031;584.1;1;9789735683;B
20240307;100031;584.1;21;9789735684;B
20240307;100032;583.8;18;9789736009;S
20240307;100033;583.75;1;9789736282;S
20240307;100034;583.75;5;9789736433;S
20240307;100034;583.75;44;9789736577;S
20240307;100034;583.7;386;9789736578;S
20240307;100034;584;1;9789736582;B
20240307;100035;584.05;1;9789736739;B
20240307;100037;583.7;10;9789737077;S
20240307;100037;583.7;22;9789737227;S
20240307;100037;583.7;16;9789737228;S
20240307;100039;584.05;20;9789737632;B
20240307;100039;583.8;17;9789737676;S
20240307;100040;583.85;3;9789737774;S
20240307;100040;583.9;417;9789737904;S
20240307;100040;583.85;47;9789737905;S
20240307;100040;583.8;200;9789737907;B
20240307;100040;583.8;417;9789737908;B
20240307;100040;583.8;100;9789737909;B
20240307;100040;583.8;277;9789737910;B
20240307;100041;583.8;35;9789737957;B
20240307;100041;583.8;3;9789737969;B
20240307;100041;583.75;267;9789738111;S
20240307;100041;583.75;15;9789738134;S
20240307;100041;583.75;50;9789738135;S
20240307;100041;583.75;97;9789738136;S
20240307;100042;583.75;1;9789738268;S
20240307;100042;583.75;50;9789738288;S
20240307;100043;583.75;1;9789738495;B
20240307;100043;583.75;2;9789738513;B
20240307;100043;583.7;430;9789738575;S
20240307;100044;583.7;30;9789738672;S
20240307;100044;583.8;5;9789738688;B
20240307;100046;583.8;100;9789739168;B
20240307;100047;583.8;1;9789739395;B
20240307;100047;583.8;23;9789739417;B
20240307;100047;583.8;2;9789739418;B
20240307;100047;583.8;1;9789739419;B
20240307;100047;583.9;50;9789739420;B
20240307;100047;584;513;9789739421;B
20240307;100047;584.05;1500;9789739422;B
20240307;100047;584.05;1;9789739423;B
20240307;100047;584.1;2;9789739424;B
20240307;100047;584.1;2;9789739425;B
20240307;100047;584.1;20;9789739426;B
20240307;100047;584.1;1000;9789739427;B
20240307;100047;584.15;136;9789739428;B
20240307;100047;584.2;531;9789739429;B
20240307;100047;584.2;17;9789739430;B
20240307;100047;584.2;136;9789739431;B
20240307;100047;584.2;428;9789739432;B
20240307;100047;584.25;20;9789739433;B
20240307;100047;584.25;136;9789739434;B
20240307;100047;584.3;50;9789739435;B
20240307;100047;584.3;250;9789739436;B
20240307;100047;584.35;12;9789739437;B
20240307;100047;584.4;170;9789739438;B
20240307;100047;584;136;9789739554;S
20240307;100047;583.95;50;9789739555;S
20240307;100047;583.95;136;9789739556;S
20240307;100047;583.9;136;9789739557;S
20240307;100047;583.85;25;9789739558;S
20240307;100047;583.85;427;9789739559;S
20240307;100047;583.75;90;9789739560;S
20240307;100048;583.85;10;9789739635;S
20240307;100048;584.2;4;9789739719;B
20240307;100050;583.85;1;9789740259;S
20240307;100051;583.85;3;9789740409;S
20240307;100051;583.85;11;9789740456;S
20240307;100051;584.15;2;9789740546;B
20240307;100051;583.85;1;9789740587;S
20240307;100053;584.15;3;9789740880;B
20240307;100053;584.15;47;9789740910;B
20240307;100053;584.25;1026;9789740911;B
20240307;100053;584.3;428;9789740912;B
20240307;100053;584.35;136;9789740913;B
20240307;100053;584.35;1172;9789740914;B
20240307;100053;584.4;136;9789740915;B
20240307;100053;584.4;428;9789740916;B
20240307;100053;584.45;136;9789740917;B
20240307;100053;584.45;1491;9789740918;B
20240307;100053;584.45;1;9789740940;B
20240307;100053;584.1;1;9789740956;S
20240307;100054;584.45;1;9789741181;B
20240307;100054;584.1;10;9789741282;S
20240307;100057;584.15;60;9789741673;S
20240307;100057;584.15;76;9789741698;S
20240307;100057;584.1;39;9789741699;S
20240307;100057;584.1;136;9789741700;S
20240307;100057;584.1;12;9789741701;S
20240307;100057;584.05;136;9789741702;S
20240307;100057;583.9;101;9789741703;S
20240307;100057;584.3;50;9789741716;B
20240307;100057;584.45;1;9789741717;B
20240307;100057;584.45;101;9789741718;B
20240307;100058;584.5;23;9789742034;B
20240307;100059;584.5;5;9789742067;B
20240307;100059;584.45;100;9789742074;S
20240307;100059;584.45;100;9789742119;S
20240307;100100;584.45;1000;9789742333;S
20240307;100100;584.5;2;9789742517;B
20240307;100101;584.5;16;9789742562;B
20240307;100101;584.5;1;9789742589;B
20240307;100102;584.5;500;9789742764;B
20240307;100102;584.5;30;9789742852;B
20240307;100102;584.5;5;9789742901;B
20240307;100103;584.5;10;9789742944;B
20240307;100104;584.5;4;9789743094;B
20240307;100107;584.5;1;9789743836;B
20240307;100109;584.45;100;9789744226;S
20240307;100109;584.5;16;9789744293;B
20240307;100109;584.5;100;9789744298;B
20240307;100111;584.45;20;9789744484;S
20240307;100111;584.5;1;9789744522;B
20240307;100111;584.45;2;9789744593;S
20240307;100113;584.5;1;9789744762;B
20240307;100114;584.5;2;9789744958;B
20240307;100114;584.45;9;9789745044;S
20240307;100115;584.5;1;9789745224;B
20240307;100116;584.5;20;9789745306;B
20240307;100118;584.5;59;9789745726;B
20240307;100118;584.5;50;9789745745;B
20240307;100119;584.5;25;9789745791;B
20240307;100119;584.5;9;9789745794;B
20240307;100119;584.45;14;9789745806;S
20240307;100120;584.45;12;9789746053;S
20240307;100121;584.5;2;9789746325;B
20240307;100122;584.5;10;9789746394;B
20240307;100122;584.5;5;9789746469;B
20240307;100125;584.5;26;9789746918;B
20240307;100125;584.5;9;9789746919;B
20240307;100125;584.5;15;9789746920;B
20240307;100126;584.5;42;9789746974;S
20240307;100126;584.55;2;9789747057;B
20240307;100126;584.55;136;9789747058;B
20240307;100126;584.6;26;9789747059;B
20240307;100126;584.6;136;9789747060;B
20240307;100126;584.65;50;9789747061;B
20240307;100126;584.65;427;9789747062;B
20240307;100126;584.65;136;9789747063;B
20240307;100126;584.85;138;9789747064;B
20240307;100127;584.85;85;9789747257;B
20240307;100128;584.65;2;9789747371;S
20240307;100128;584.7;2;9789747394;S
20240307;100130;584.85;77;9789747695;B
20240307;100131;584.95;427;9789747809;B
20240307;100131;585;25;9789747810;B
20240307;100131;585;50;9789747811;B
20240307;100131;585;33;9789747812;B
20240307;100131;585;1;9789747861;B
20240307;100134;584.9;38;9789748733;S
20240307;100135;584.85;2;9789748818;B
20240307;100135;584.8;5;9789748991;S
20240307;100135;584.8;6;9789748993;S
20240307;100135;584.6;50;9789748994;S
20240307;100135;584.5;107;9789748995;S
20240307;100135;584.5;393;9789748996;S
20240307;100135;584.5;12;9789748997;S
20240307;100135;584.5;100;9789748998;S
20240307;100135;584.5;500;9789748999;S
20240307;100135;584.5;500;9789749001;S
20240307;100135;584.5;500;9789749002;S
20240307;100135;584.5;13;9789749003;S
20240307;100135;584.45;200;9789749030;S
20240307;100136;584.5;2;9789749201;B
20240307;100136;584.5;417;9789749206;B
20240307;100136;584.45;300;9789749216;S
20240307;100136;584.45;500;9789749217;S
20240307;100136;584.45;500;9789749218;S
20240307;100136;584.45;200;9789749219;S
20240307;100136;584.45;100;9789749220;S
20240307;100136;584.45;100;9789749221;S
20240307;100137;584.5;1;9789749307;B
20240307;100137;584.45;100;9789749356;S
20240307;100138;584.45;3;9789749445;S
20240307;100139;584.45;1;9789749599;S
20240307;100139;584.5;67;9789749684;B
20240307;100139;584.5;33;9789749685;B
20240307;100140;584.45;136;9789749729;S
20240307;100140;584.5;2;9789749854;B
20240307;100141;584.5;56;9789749935;B
20240307;100141;584.5;100;9789750002;B
20240307;100142;584.5;1;9789750048;B
20240307;100142;584.45;6;9789750072;S
20240307;100142;584.45;30;9789750075;S
20240307;100142;584.45;2;9789750128;S
20240307;100143;584.45;29;9789750178;S
20240307;100145;584.5;341;9789750811;B
20240307;100145;584.5;50;9789750812;B
20240307;100145;584.5;500;9789750813;B
20240307;100145;584.5;100;9789750814;B
20240307;100149;584.6;24;9789751511;S
20240307;100149;584.6;28;9789751512;S
20240307;100150;584.6;22;9789751739;S
20240307;100150;584.55;78;9789751740;S
20240307;100150;584.6;7;9789751816;S
20240307;100151;584.6;1;9789751925;S
20240307;100151;584.6;7;9789751964;S
20240307;100151;584.55;493;9789751965;S
20240307;100151;584.65;1;9789751995;B
20240307;100153;584.5;25;9789752281;S
20240307;100156;584.65;1;9789752835;B
20240307;100156;584.6;7;9789752868;S
20240307;100156;584.65;3;9789752874;B
20240307;100158;584.6;1;9789753205;S
20240307;100159;584.65;6;9789753414;B
20240307;100200;584.7;3;9789753526;B
20240307;100200;584.65;8;9789753632;B
20240307;100201;584.7;1;9789753767;B
20240307;100201;584.6;12;9789753768;S
20240307;100201;584.55;1;9789753769;S
20240307;100201;584.55;50;9789753770;S
20240307;100201;584.55;10;9789753800;B
20240307;100201;584.55;25;9789753842;B
20240307;100201;584.55;75;9789753850;B
20240307;100202;584.7;1;9789753998;B
20240307;100204;584.7;6;9789754356;B
20240307;100204;584.9;19;9789754357;B
20240307;100210;584.65;4;9789755214;S
20240307;100211;584.85;1;9789755502;B
20240307;100215;584.85;3;9789756145;B
20240307;100216;584.85;2;9789756296;B
20240307;100218;584.9;1;9789756530;B
20240307;100219;584.9;1;9789756658;B
20240307;100220;584.85;4;9789756935;S
20240307;100221;584.9;13;9789756996;B
20240307;100221;584.9;8;9789756997;B
20240307;100221;584.9;2;9789756998;B
20240307;100221;584.95;10;9789756999;B
20240307;100221;584.85;21;9789757001;S
20240307;100224;584.75;1;9789757494;B
20240307;100227;584.75;20;9789758117;B
20240307;100227;584.8;30;9789758118;B
20240307;100229;584.8;5;9789758362;B
20240307;100230;584.8;101;9789758545;B
20240307;100230;584.8;1;9789758546;B
20240307;100230;584.8;3;9789758547;B
20240307;100230;584.85;20895;9789758548;B
20240307;100230;584.85;284;9789758549;B
20240307;100230;584.85;80;9789758558;S
20240307;100231;584.85;2;9789758712;S
20240307;100233;584.9;5;9789759116;B
20240307;100233;584.95;10;9789759117;B
20240307;100234;584.95;5;9789759226;B
20240307;100234;585;10;9789759227;B
20240307;100234;584.85;50;9789759266;S
20240307;100234;584.85;1;9789759267;S
20240307;100234;584.8;113;9789759268;S
20240307;100234;584.75;36;9789759269;S
20240307;100237;585;1;9789759576;B
20240307;100242;584.9;2;9789760637;S
20240307;100244;584.95;3;9789760893;B
20240307;100245;584.95;1;9789761015;B
20240307;100247;584.95;3;9789761141;B
20240307;100247;584.95;3;9789761145;B
20240307;100248;584.9;98;9789761419;S
20240307;100248;584.9;2;9789761420;S
20240307;100250;584.95;1;9789761669;B
20240307;100251;584.95;5;9789761714;B
20240307;100251;584.9;2;9789761800;S
20240307;100251;584.9;1;9789761801;S
20240307;100254;584.95;84;9789762447;B
20240307;100254;584.95;50;9789762448;B
20240307;100254;584.95;283;9789762449;B
20240307;100255;584.95;1;9789762544;B
20240307;100255;584.95;10;9789762586;B
20240307;100256;584.95;1;9789762632;B
20240307;100256;584.9;5;9789762672;S
20240307;100256;584.9;1;9789762734;S
20240307;100256;584.95;19;9789762772;B
20240307;100257;584.9;11;9789762782;S
20240307;100258;584.95;86;9789762924;B
20240307;100258;584.95;8;9789762925;B
20240307;100259;584.9;3;9789763110;S
20240307;100259;584.9;4;9789763171;S
20240307;100301;584.9;3;9789763521;S
20240307;100301;585;1;9789763551;B
20240307;100302;584.9;52;9789763752;S
20240307;100302;584.85;2;9789763753;S
20240307;100302;584.85;1;9789763754;S
20240307;100302;584.85;50;9789763755;S
20240307;100302;584.8;427;9789763756;S
20240307;100302;584.75;35;9789763757;S
20240307;100302;584.95;6;9789763811;B
20240307;100304;584.95;3;9789764137;B
20240307;100308;584.95;2;9789764679;B
20240307;100309;584.95;7;9789764858;B
20240307;100309;584.8;1;9789764899;S
20240307;100309;584.75;1;9789765023;S
20240307;100309;584.7;1;9789765024;S
20240307;100309;584.7;48;9789765025;S
20240307;100312;584.85;71;9789765644;S
20240307;100312;584.9;8;9789765687;B
20240307;100312;584.95;3;9789765694;B
20240307;100312;584.95;20;9789765695;B
20240307;100315;584.8;5;9789766119;S
20240307;100317;584.85;8;9789766441;B
20240307;100318;584.65;7;9789766531;S
20240307;100318;584.65;3;9789766532;S
20240307;100322;584.8;1;9789767073;B
20240307;100323;584.8;50;9789767380;B
20240307;100324;584.8;1;9789767463;S
20240307;100325;584.8;7;9789767677;B
20240307;100327;584.7;25;9789768218;S
20240307;100329;584.8;192;9789768517;B
20240307;100329;584.8;45;9789768518;B
20240307;100329;584.85;136;9789768519;B
20240307;100329;584.85;50;9789768520;B
20240307;100329;584.9;136;9789768521;B
20240307;100329;584.9;100;9789768522;B
20240307;100329;584.9;191;9789768523;B
20240307;100332;584.9;37;9789769162;B
20240307;100335;584.9;1;9789769715;B
20240307;100335;584.9;2;9789769759;B
20240307;100335;584.85;86;9789769817;S
20240307;100336;584.9;1;9789769830;B
20240307;100337;584.85;17;9789770054;S
20240307;100339;584.8;50;9789770271;S
20240307;100339;584.9;1;9789770297;B
20240307;100339;584.8;5;9789770347;S
20240307;100340;584.8;3;9789770449;S
20240307;100341;584.8;2;9789770632;S
20240307;100342;584.9;1;9789770774;B
20240307;100342;584.9;1;9789770888;B
20240307;100343;584.85;8;9789770984;S
20240307;100343;584.8;1;9789771084;S
20240307;100345;584.9;1;9789771454;B
20240307;100346;584.9;48;9789771590;B
20240307;100346;584.8;1;9789771729;S
20240307;100350;584.85;17;9789772515;B
20240307;100350;584.85;1;9789772528;B
20240307;100350;584.85;17;9789772633;B
20240307;100350;584.8;7;9789772635;S
20240307;100350;584.85;10;9789772662;B
20240307;100350;584.9;18;9789772663;B
20240307;100354;584.8;8;9789773355;S
20240307;100354;584.9;1;9789773424;B
20240307;100356;584.9;1;9789773698;B
20240307;100356;584.85;11;9789773727;S
20240307;100358;584.9;10;9789774175;B
20240307;100359;584.85;9;9789774245;S
20240307;100359;584.9;1;9789774317;B
20240307;100359;584.9;1;9789774326;B
20240307;100400;584.85;120;9789774571;S
20240307;100400;584.9;1;9789774572;B
20240307;100400;584.9;1;9789774573;B
20240307;100400;584.85;120;9789774659;S
20240307;100400;584.9;5;9789774685;B
20240307;100400;584.9;5;9789774686;B
20240307;100400;584.9;1;9789774687;B
20240307;100401;584.9;1;9789774787;B
20240307;100402;584.85;5;9789775031;S
20240307;100402;584.9;25;9789775085;B
20240307;100403;584.9;1;9789775237;B
20240307;100403;584.9;100;9789775336;B
20240307;100403;584.9;1;9789775390;B
20240307;100404;584.85;2;9789775509;S
20240307;100404;584.9;13;9789775522;B
20240307;100404;584.9;50;9789775523;B
20240307;100404;584.9;1;9789775524;B
20240307;100404;584.95;20000;9789775525;B
20240307;100404;584.95;1;9789775526;B
20240307;100404;584.95;15;9789775527;B
20240307;100404;585;1;9789775539;B
20240307;100405;585;37;9789775652;B
20240307;100405;585;2;9789775653;B
20240307;100405;585;20;9789775654;B
20240307;100405;585;10;9789775655;B
20240307;100405;585;31;9789775656;B
20240307;100405;585;130;9789775657;B
20240307;100405;585;2;9789775658;B
20240307;100405;585;1;9789775659;B
20240307;100405;585;52;9789775660;B
20240307;100405;585;1;9789775661;B
20240307;100405;585;11;9789775662;B
20240307;100405;585;1;9789775663;B
20240307;100405;585;30;9789775664;B
20240307;100405;585;2;9789775665;B
20240307;100405;585;78;9789775666;B
20240307;100405;585;5;9789775667;B
20240307;100405;585;30;9789775668;B
20240307;100405;585;120;9789775669;B
20240307;100405;585.05;2;9789775670;B
20240307;100405;585.1;135;9789775671;B
20240307;100406;585.1;100;9789775813;B
20240307;100406;585.1;2;9789775814;B
20240307;100406;585.1;64;9789775840;B
20240307;100406;585.15;1;9789775875;B
20240307;100406;585.15;1;9789775876;B
20240307;100406;585.15;1;9789775877;B
20240307;100406;585.15;4;9789775878;B
20240307;100406;585.15;3;9789775879;B
20240307;100406;585.15;3;9789775880;B
20240307;100406;585.15;2;9789775881;B
20240307;100406;585.15;4;9789775882;B
20240307;100406;585.15;1;9789775883;B
20240307;100406;585.15;2;9789775884;B
20240307;100406;585.15;1;9789775885;B
20240307;100406;585.15;1;9789775886;B
20240307;100406;585.15;1;9789775887;B
20240307;100406;585.15;2;9789775888;B
20240307;100406;585.15;7;9789775889;B
20240307;100406;585.15;1;9789775890;B
20240307;100406;585.15;14;9789775891;B
20240307;100406;585.15;9;9789775892;B
20240307;100406;585.15;85;9789775893;B
20240307;100406;585.15;1;9789775894;B
20240307;100406;585.15;35;9789775895;B
20240307;100406;585.15;39;9789775896;B
20240307;100406;585.15;1;9789775897;B
20240307;100406;585.15;1;9789775898;B
20240307;100406;585.15;1;9789775899;B
20240307;100406;585.2;4;9789775920;B
20240307;100406;585.2;6;9789775921;B
20240307;100406;585.2;2;9789775922;B
20240307;100406;585.2;1;9789775923;B
20240307;100406;585.2;95;9789775924;B
20240307;100406;585.2;1;9789775925;B
20240307;100406;585.2;3;9789775926;B
20240307;100406;585.3;18;9789775927;B
20240307;100406;585.25;2;9789776009;S
20240307;100406;585.3;61;9789776019;B
20240307;100406;585.3;4;9789776020;B
20240307;100406;585.45;135;9789776021;B
20240307;100406;585.45;1;9789776101;B
20240307;100407;585.45;52;9789776227;B
20240307;100407;585.45;312;9789776243;B
20240307;100407;585.5;25;9789776244;B
20240307;100407;585.55;2;9789776245;B
20240307;100407;585.55;1;9789776246;B
20240307;100407;585.55;2;9789776247;B
20240307;100407;585.55;30;9789776248;B
20240307;100407;585.6;100;9789776249;B
20240307;100407;585.6;120;9789776250;B
20240307;100407;585.65;3;9789776251;B
20240307;100407;585.7;50;9789776252;B
20240307;100407;585.75;1277;9789776253;B
20240307;100407;585.75;500;9789776254;B
20240307;100407;585.8;1400;9789776255;B
20240307;100407;585.8;136;9789776256;B
20240307;100407;585.85;2;9789776257;B
20240307;100407;585.85;40;9789776258;B
20240307;100407;585.75;513;9789776285;S
20240307;100407;585.75;16;9789776286;S
20240307;100407;585.9;69;9789776287;B
20240307;100407;585.9;23;9789776288;B
20240307;100407;585.9;408;9789776289;B
20240307;100408;585.9;2;9789776474;B
20240307;100408;585.9;17;9789776480;B
20240307;100408;585.75;3;9789776547;S
20240307;100408;585.9;100;9789776618;B
20240307;100411;585.75;136;9789777101;S
20240307;100411;585.75;102;9789777102;S
20240307;100411;585.85;50;9789777103;B
20240307;100411;585.85;350;9789777104;B
20240307;100413;585.75;48;9789777569;S
20240307;100413;585.75;136;9789777570;S
20240307;100413;585.7;113;9789777571;S
20240307;100413;585.7;136;9789777572;S
20240307;100413;585.7;2;9789777573;S
20240307;100413;585.7;50;9789777574;S
20240307;100413;585.65;136;9789777575;S
20240307;100413;585.65;426;9789777576;S
20240307;100413;585.5;513;9789777577;S
20240307;100413;585.45;300;9789777578;S
20240307;100413;585.45;140;9789777579;S
20240307;100413;585.7;50;9789777580;B
20240307;100413;585.8;1;9789777581;B
20240307;100413;585.8;50;9789777582;B
20240307;100413;585.85;50;9789777583;B
20240307;100413;585.85;63;9789777584;B
20240307;100413;585.85;37;9789777585;B
20240307;100413;585.9;249;9789777586;B
20240307;100414;585.75;136;9789777897;S
20240307;100414;585.75;150;9789777898;S
20240307;100414;585.7;113;9789777899;S
20240307;100414;585.7;136;9789777900;S
20240307;100414;585.65;136;9789777901;S
20240307;100414;585.65;50;9789777902;S
20240307;100414;585.55;377;9789777903;S
20240307;100417;585.8;1;9789778604;B
20240307;100423;585.7;5;9789779722;B
20240307;100424;585.7;1;9789779948;B
20240307;100424;585.7;1;9789779949;B
20240307;100428;585.7;2;9789780838;B
20240307;100429;585.7;1;9789780960;B
20240307;100429;585.7;10;9789780993;B
20240307;100430;585.65;1;9789781200;S
20240307;100430;585.65;2;9789781201;S
20240307;100432;585.7;4;9789781443;B
20240307;100432;585.65;2;9789781444;S
20240307;100432;585.7;1;9789781476;B
20240307;100433;585.7;1;9789781706;B
20240307;100433;585.7;1;9789781756;B
20240307;100433;585.7;1;9789781764;B
20240307;100434;585.65;20;9789781804;S
20240307;100434;585.7;1;9789781805;B
20240307;100434;585.65;2;9789781883;S
20240307;100434;585.7;1;9789781884;B
20240307;100435;585.7;10;9789782209;B
20240307;100435;585.75;100;9789782210;B
20240307;100435;585.75;48;9789782211;B
20240307;100435;585.85;113;9789782212;B
20240307;100435;585.85;50;9789782213;B
20240307;100435;585.85;513;9789782214;B
20240307;100435;585.9;1166;9789782215;B
20240307;100441;585.75;100;9789783144;B
20240307;100441;585.65;2;9789783234;S
20240307;100441;585.65;2;9789783235;S
20240307;100441;585.6;120;9789783249;S
20240307;100441;585.6;120;9789783321;S
20240307;100442;585.6;210;9789783367;S
20240307;100442;585.6;2;9789783368;S
20240307;100442;585.6;2;9789783369;S
20240307;100442;585.45;300;9789783393;B
20240307;100442;585.4;2;9789783494;S
20240307;100442;585.35;1;9789783495;S
20240307;100442;585.25;105;9789783496;B
20240307;100442;585.25;5;9789783497;B
20240307;100442;585.25;500;9789783498;B
20240307;100442;585.2;100;9789783501;B
20240307;100442;585.2;12;9789783517;B
20240307;100442;585.15;2;9789783562;S
20240307;100442;585.1;31;9789783563;S
20240307;100443;585.1;51;9789783584;S
20240307;100443;585;218;9789783585;S
20240307;100443;585;1;9789783586;S
20240307;100443;585;29;9789783587;S
20240307;100443;585.05;5;9789783641;B
20240307;100444;585;427;9789783754;S
20240307;100444;584.95;920;9789783755;S
20240307;100444;584.95;136;9789783756;S
20240307;100444;584.95;42;9789783757;S
20240307;100444;584.9;136;9789783758;S
20240307;100444;584.85;3;9789783759;S
20240307;100444;584.85;50;9789783760;S
20240307;100444;584.85;136;9789783761;S
20240307;100444;584.8;5;9789783762;S
20240307;100444;584.8;1;9789783763;S
20240307;100444;584.8;103;9789783764;S
20240307;100444;584.75;1;9789783765;S
20240307;100444;584.7;1;9789783766;S
20240307;100444;584.7;5;9789783767;S
20240307;100444;584.7;2;9789783768;S
20240307;100444;584.7;32;9789783769;S
20240307;100444;584.85;427;9789783785;S
20240307;100444;584.85;100;9789783786;B
20240307;100444;584.8;2;9789783944;S
20240307;100444;584.85;15;9789783977;B
20240307;100445;584.85;1;9789784057;B
20240307;100447;584.85;1;9789784430;B
20240307;100447;584.8;1;9789784488;S
20240307;100449;584.8;6;9789784721;S
20240307;100452;584.85;6;9789785330;B
20240307;100453;584.8;10;9789785432;S
20240307;100456;584.85;9;9789786145;B
20240307;100457;584.85;3;9789786245;B
20240307;100459;584.85;186;9789786654;B
20240307;100459;584.85;337;9789786655;B
20240307;100459;584.85;157;9789786656;B
20240307;100459;584.85;754;9789786657;B
20240307;100459;584.85;47;9789786701;B
20240307;100459;584.85;1;9789786702;B
20240307;100459;584.85;1;9789786772;B
20240307;100459;584.85;2;9789786773;B
20240307;100459;584.85;5;9789786774;B
20240307;100500;584.85;2;9789786843;B
20240307;100500;584.85;1;9789786889;B
20240307;100500;584.85;5;9789786969;B
20240307;100500;584.85;20;9789786980;B
20240307;100502;584.85;2;9789787269;B
20240307;100502;584.85;424;9789787319;B
20240307;100502;584.8;120;9789787333;S
20240307;100502;584.8;61;9789787635;S
20240307;100502;584.8;59;9789787636;S
20240307;100504;584.85;1;9789787922;B
20240307;100504;584.85;1;9789788049;B
20240307;100504;584.85;300;9789788061;B
20240307;100504;584.85;100;9789788062;B
20240307;100504;584.85;100;9789788063;B
20240307;100504;584.85;77;9789788064;B
20240307;100504;584.85;223;9789788065;B
20240307;100504;584.85;165;9789788066;B
20240307;100504;584.85;100;9789788067;B
20240307;100504;584.85;120;9789788068;B
20240307;100505;584.85;15;9789788118;S
20240307;100505;584.85;105;9789788119;S
20240307;100505;584.85;177;9789788124;S
20240307;100506;584.9;100;9789788345;B
20240307;100506;584.9;200;9789788346;B
20240307;100506;584.9;300;9789788347;B
20240307;100506;584.9;100;9789788348;B
20240307;100506;584.9;200;9789788349;B
20240307;100506;584.9;600;9789788350;B
20240307;100506;585;109;9789788351;B
20240307;100506;585.15;120;9789788352;B
20240307;100506;585.3;100;9789788353;B
20240307;100506;585.4;2;9789788354;B
20240307;100506;585.4;12;9789788355;B
20240307;100506;585.5;100;9789788356;B
20240307;100506;585.5;100;9789788357;B
20240307;100506;585.5;100;9789788358;B
20240307;100506;585.5;80;9789788359;B
20240307;100506;585.6;18;9789788360;B
20240307;100506;585.5;28;9789788361;S
20240307;100506;585.6;14;9789788362;B
20240307;100506;585.75;72;9789788363;B
20240307;100506;585.7;72;9789788364;S
20240307;100506;585.7;72;9789788365;S
20240307;100506;585.7;28;9789788366;S
20240307;100506;585.75;300;9789788367;B
20240307;100513;585.8;1;9789789550;B
20240307;100515;585.7;1;9789790027;S
20240307;100515;585.7;70;9789790064;S
20240307;100515;585.7;5;9789790126;S
20240307;100515;585.7;65;9789790181;S
20240307;100515;585.7;100;9789790182;S
20240307;100515;585.7;100;9789790183;S
20240307;100516;585.4;444;9789790313;B
20240307;100516;585.5;50;9789790314;B
20240307;100516;585.55;120;9789790315;B
20240307;100516;585.6;136;9789790316;B
20240307;100516;585.6;150;9789790317;B
20240307;100516;585.65;136;9789790318;B
20240307;100516;585.7;136;9789790319;B
20240307;100516;585.8;25;9789790320;B
20240307;100516;585.8;5;9789790321;B
20240307;100516;585.85;513;9789790322;B
20240307;100516;585.9;285;9789790323;B
20240307;100516;585.65;3;9789790367;B
20240307;100517;585.65;2;9789790385;B
20240307;100517;585.65;1;9789790572;B
20240307;100519;585.75;42;9789790772;B
20240307;100520;585.75;2;9789790891;B
20240307;100522;585.75;1;9789791238;B
20240307;100524;585.75;1;9789791578;B
20240307;100525;585.75;1;9789791793;B
20240307;100527;585.35;106;9789791995;S
20240307;100527;585.35;50;9789791996;S
20240307;100527;585.3;44;9789791997;S
20240307;100528;585.35;50;9789792204;S
20240307;100528;585.35;104;9789792205;S
20240307;100528;585.3;178;9789792206;S
20240307;100531;585.5;4;9789792583;B
20240307;100531;585.5;1;9789792729;B
20240307;100532;585.5;1;9789792782;B
20240307;100536;585.5;4;9789793268;B
20240307;100537;585.5;1;9789793421;B
20240307;100541;585.35;3;9789794114;S
20240307;100545;585.35;18;9789794847;S
20240307;100545;585.5;17;9789794901;B
20240307;100550;585.35;79;9789795710;S
20240307;100550;585.35;1;9789795711;S
20240307;100550;585.35;53;9789795712;S
20240307;100551;585.35;13;9789795971;B
20240307;100552;585.3;2;9789796000;S
20240307;100552;585.35;1;9789796030;B
20240307;100553;585.35;50;9789796191;B
20240307;100553;585.3;2;9789796198;S
20240307;100554;585.3;10;9789796392;S
20240307;100555;585.35;1;9789796451;B
20240307;100556;585.35;2;9789796810;B
20240307;100556;585.45;1;9789796811;B
20240307;100600;585.5;41;9789797493;B
20240307;100603;585.5;1;9789797861;B
20240307;100605;585.5;2;9789798188;B
20240307;100606;585.35;1;9789798486;S
20240307;100611;585.45;1;9789799281;B
20240307;100613;585.45;110;9789799607;B
20240307;100617;585.3;2;9789800777;S
20240307;100619;585.45;1;9789801097;B
20240307;100621;585.35;1;9789801507;S
20240307;100621;585.35;11;9789801508;S
20240307;100623;585.35;20;9789801879;B
20240307;100626;585.35;2;9789802899;B
20240307;100627;585.3;134;9789803024;S
20240307;100627;585.3;87;9789803025;S
20240307;100628;585.35;1;9789803108;B
20240307;100628;585.3;49;9789803121;S
20240307;100628;585.3;30;9789803122;S
20240307;100628;585.3;2;9789803123;S
20240307;100628;585.15;100;9789803142;S
20240307;100629;585.3;4;9789803368;B
20240307;100632;585.3;1;9789803808;B
20240307;100633;585.3;39;9789803925;B
20240307;100633;585.3;11;9789803926;B
20240307;100638;585.25;1;9789804820;B
20240307;100638;585.25;2;9789804821;B
20240307;100640;585.25;2;9789805089;B
20240307;100640;585.25;2;9789805235;B
20240307;100642;585.25;1;9789805652;B
20240307;100642;585.25;1;9789805726;B
20240307;100643;585.2;1;9789805871;S
20240307;100648;585.25;4;9789806655;B
20240307;100649;585.2;1;9789806759;S
20240307;100650;585.25;5;9789806881;B
20240307;100651;585.25;20;9789807104;B
20240307;100651;585.25;10;9789807240;B
20240307;100652;585.25;3;9789807262;B
20240307;100652;585.25;17;9789807263;B
20240307;100652;585.2;3;9789807363;S
20240307;100652;585.2;1;9789807364;S
20240307;100652;585.2;50;9789807365;S
20240307;100653;585.1;1;9789807529;S
20240307;100653;585.1;1;9789807530;S
20240307;100653;585.05;1;9789807531;S
20240307;100653;585.05;10;9789807532;S
20240307;100654;585.2;30;9789807642;B
20240307;100654;585.2;1;9789807678;B
20240307;100657;585.2;11;9789808274;B
20240307;100659;585.2;1;9789808544;B
20240307;100702;585.05;1;9789808893;S
20240307;100703;585.2;1;9789809122;B
20240307;100703;585.2;15;9789809127;B
20240307;100704;585.2;42;9789809187;B
20240307;100705;585.3;300;9789809301;B
20240307;100705;585.3;120;9789809302;B
20240307;100705;585.3;38;9789809303;B
20240307;100719;585.35;1;9789811895;B
20240307;100725;585.4;1;9789812733;B
20240307;100725;585.4;9;9789812734;B
20240307;100728;585.4;2;9789813280;B
20240307;100728;585.2;15;9789813281;S
20240307;100728;585.2;35;9789813282;S
20240307;100728;585.2;50;9789813283;S
20240307;100728;585.15;2;9789813355;S
20240307;100728;585.15;5;9789813356;S
20240307;100728;585.2;1;9789813425;B
20240307;100730;585.2;1;9789813889;B
20240307;100730;585.2;9;9789813906;B
20240307;100733;585.15;7;9789814364;S
20240307;100733;585.2;6;9789814374;B
20240307;100733;585.4;1;9789814388;B
20240307;100737;585.35;1;9789814987;B
20240307;100737;585.2;1;9789815027;S
20240307;100739;585.35;2;9789815188;B
20240307;100739;585.4;1;9789815189;B
20240307;100741;585.2;20;9789815546;S
20240307;100742;585.4;20;9789815635;B
20240307;100742;585.4;46;9789815636;B
20240307;100742;585.45;377;9789815637;B
20240307;100742;585.45;50;9789815638;B
20240307;100742;585.45;7;9789815639;B
20240307;100742;585.4;1;9789815642;B
20240307;100743;585.4;28;9789815906;B
20240307;100743;585.5;3;9789815907;B
20240307;100743;585.5;2;9789815908;B
20240307;100743;585.5;460;9789815909;B
20240307;100743;585.5;2;9789815910;B
20240307;100743;585.5;5;9789815911;B
20240307;100747;585.35;1;9789816394;S
20240307;100748;585.35;1;9789816525;S
20240307;100749;585.4;1;9789816609;B
20240307;100750;585.35;1;9789816734;S
20240307;100751;585.4;1;9789816886;B
20240307;100752;585.5;1;9789817061;B
20240307;100756;585.3;45;9789817632;S
20240307;100756;585.3;136;9789817633;S
20240307;100756;585.3;50;9789817634;S
20240307;100756;585.25;52;9789817635;S
20240307;100804;585.45;100;9789818703;B
20240307;100804;585.45;4;9789818704;B
20240307;100804;585.45;3;9789818705;B
20240307;100804;585.45;3;9789818706;B
20240307;100804;585.45;2;9789818707;B
20240307;100804;585.45;1;9789818708;B
20240307;100804;585.45;2;9789818709;B
20240307;100804;585.45;4;9789818710;B
20240307;100804;585.45;3;9789818711;B
20240307;100804;585.45;1;9789818712;B
20240307;100804;585.45;277;9789818713;S
20240307;100804;585.45;100;9789818714;S
20240307;100804;585.45;100;9789818715;S
20240307;100806;585.4;85;9789818966;B
20240307;100806;585.4;15;9789818967;B
20240307;100806;585.4;28;9789818968;B
20240307;100806;585.4;39;9789818969;S
20240307;100806;585.4;72;9789818970;S
20240307;100806;585.4;61;9789818971;S
20240307;100806;585.4;172;9789818972;S
20240307;100806;585.4;128;9789818973;S
20240307;100806;585.4;50;9789819065;B
20240307;100806;585.4;120;9789819066;B
20240307;100809;585.25;2;9789819320;S
20240307;100810;585.4;38;9789819636;B
20240307;100812;585.45;3;9789819771;B
20240307;100817;585.4;3;9789820413;S
20240307;100817;585.4;2;9789820414;S
20240307;100821;585.45;2;9789820952;B
20240307;100821;585.5;1;9789820984;B
20240307;100827;585.45;5;9789821701;S
20240307;100827;585.4;1;9789821702;S
20240307;100827;585.5;26;9789821766;B
20240307;100827;585.5;3;9789821767;B
20240307;100827;585.5;42;9789821768;B
20240307;100829;585.5;14;9789822046;S
20240307;100834;585.55;5;9789822633;B
20240307;100835;585.5;2;9789822838;B
20240307;100835;585.5;10;9789822853;B
20240307;100836;585.4;250;9789822879;S
20240307;100837;585.5;1;9789823029;B
20240307;100847;585.5;1;9789824292;B
20240307;100851;585.45;4;9789824917;B
20240307;100851;585.45;5;9789824937;B
20240307;100851;585.45;2;9789824941;B
20240307;100852;585.45;3;9789825012;B
20240307;100859;585.4;49;9789825953;S
20240307;100903;585.45;130;9789826415;B
20240307;100903;585.4;16;9789826427;S
20240307;100909;585.4;10;9789827052;S
20240307;100911;585.4;122;9789827259;S
20240307;100911;585.4;5;9789827260;S
20240307;100911;585.4;1;9789827261;S
20240307;100911;585.3;40;9789827262;S
20240307;100911;585.3;50;9789827263;S
20240307;100911;585.25;1;9789827264;S
20240307;100911;585.25;1;9789827265;S
20240307;100911;585.2;203;9789827266;S
20240307;100911;585.2;20;9789827267;S
20240307;100911;585.2;3;9789827268;S
20240307;100911;585.2;1;9789827269;S
20240307;100911;585.2;28;9789827270;S
20240307;100911;585.2;136;9789827271;S
20240307;100911;585.15;136;9789827272;S
20240307;100911;585.15;253;9789827273;S
20240307;100912;585.1;1;9789827348;S
20240307;100912;585.1;1;9789827349;S
20240307;100912;585.25;28;9789827350;B
20240307;100914;585.25;1;9789827745;S
20240307;100916;585.3;1;9789827988;B
20240307;100918;585.3;163;9789828162;B
20240307;100918;585.35;40;9789828163;B
20240307;100918;585.4;50;9789828164;B
20240307;100918;585.45;1;9789828165;B
20240307;100918;585.45;4;9789828166;B
20240307;100918;585.45;28;9789828167;B
20240307;100918;585.5;2;9789828168;B
20240307;100918;585.5;2;9789828169;B
20240307;100918;585.55;1;9789828170;B
20240307;100918;585.55;136;9789828171;B
20240307;100918;585.55;73;9789828172;B
20240307;100918;585.5;20;9789828173;B
20240307;100918;585.55;80;9789828174;B
20240307;100918;585.55;271;9789828175;B
20240307;100918;585.5;100;9789828176;S
20240307;100918;585.3;1;9789828225;B
20240307;100919;585.2;30;9789828355;S
20240307;100919;585.2;39;9789828356;S
20240307;100919;585.15;50;9789828357;S
20240307;100919;585.1;136;9789828358;S
20240307;100919;585.05;3;9789828359;S
20240307;100919;585.05;136;9789828360;S
20240307;100919;585.05;36;9789828361;S
20240307;100919;585.05;570;9789828362;S
20240307;100920;585.05;1;9789828540;S
20240307;100920;585;1;9789828541;S
20240307;100920;585;5;9789828542;S
20240307;100920;585;26;9789828543;S
20240307;100921;585.2;1;9789828722;B
20240307;100922;585.2;11;9789828788;B
20240307;100922;585.25;30;9789828789;B
20240307;100922;585.25;39;9789828790;B
20240307;100922;585.3;50;9789828791;B
20240307;100922;585.35;1;9789828792;B
20240307;100922;585.4;129;9789828793;B
20240307;100926;585.2;1;9789829188;S
20240307;100926;585.1;39;9789829189;S
20240307;100927;585.3;1;9789829285;B
20240307;100930;585.2;1;9789829654;B
20240307;100931;585.1;22;9789829792;S
20240307;100936;585.1;1;9789830395;S
20240307;100936;585.2;7;9789830420;B
20240307;100936;585.25;2;9789830421;B
20240307;100936;585.35;2;9789830422;B
20240307;100941;585.35;17;9789831126;B
20240307;100947;585.15;100;9789831957;B
20240307;100948;585.1;3;9789831965;S
20240307;100948;585.1;9;9789832046;S
20240307;100949;585.15;150;9789832170;B
20240307;100950;585.1;1;9789832216;S
20240307;100952;585.15;4;9789832663;B
20240307;100953;585.1;27;9789832669;S
20240307;100953;585.1;8;9789832711;S
20240307;100955;585.1;43;9789832901;S
20240307;100955;585.15;3;9789832954;B
20240307;100957;585.15;1;9789833086;B
20240307;100959;585.15;18;9789833307;B
20240307;100959;585.1;1;9789833323;S
20240307;101000;585.1;2;9789833395;S
20240307;101001;585.15;2;9789833449;B
20240307;101003;585.15;3;9789833734;B
20240307;101003;585.15;1;9789833840;B
20240307;101004;585.1;6;9789833976;S
20240307;101004;585.1;1;9789833977;S
20240307;101005;585.15;100;9789834040;B
20240307;101005;585.1;1;9789834109;S
20240307;101006;585.1;53;9789834143;S
20240307;101006;585.15;250;9789834165;B
20240307;101007;585.1;9;9789834312;S
20240307;101008;585.1;50;9789834702;S
20240307;101009;585.1;5;9789834873;S
20240307;101009;585.15;4;9789834888;B
20240307;101010;585.15;42;9789835029;B
20240307;101011;585.1;3;9789835106;S
20240307;101013;585.15;22;9789835360;B
20240307;101013;585.15;23;9789835361;B
20240307;101013;585.15;1;9789835383;B
20240307;101013;585.15;1;9789835384;B
20240307;101013;585.15;1;9789835385;B
20240307;101016;585.15;1;9789835737;B
20240307;101016;585.15;1;9789835738;B
20240307;101016;585.15;1;9789835739;B
20240307;101016;585.15;5;9789835740;B
20240307;101016;585.15;15;9789835741;B
20240307;101016;585.15;1;9789835742;B
20240307;101016;585.2;6;9789835743;B
20240307;101016;585.2;6;9789835744;B
20240307;101016;585.2;38;9789835745;B
20240307;101016;585.25;60;9789835746;B
20240307;101016;585.35;2;9789835747;B
20240307;101016;585.4;2;9789835748;B
20240307;101016;585.4;150;9789835749;B
20240307;101016;585.45;50;9789835750;B
20240307;101016;585.45;148;9789835751;B
20240307;101016;585.5;150;9789835752;B
20240307;101016;585.5;190;9789835753;B
20240307;101016;585.55;182;9789835754;B
20240307;101017;585.5;2;9789835806;B
20240307;101020;585.2;123;9789836309;S
20240307;101020;585.3;1;9789836356;B
20240307;101023;585.3;3;9789836706;B
20240307;101027;585.35;100;9789837229;B
20240307;101028;585.2;3;9789837372;S
20240307;101037;585.35;45;9789838544;B
20240307;101039;585.35;1;9789838915;B
20240307;101041;585.35;2;9789839207;B
20240307;101045;585.35;1;9789839677;B
20240307;101049;585.3;1;9789840290;B
20240307;101049;585.3;2;9789840309;B
20240307;101051;585.2;2;9789840575;S
20240307;101051;585.2;1;9789840576;S
20240307;101051;585.2;1;9789840577;S
20240307;101051;585.15;7;9789840578;S
20240307;101051;585.3;1;9789840634;B
20240307;101051;585.15;2;9789840665;S
20240307;101051;585.15;1;9789840673;S
20240307;101051;585.15;9;9789840674;S
20240307;101055;585.3;1;9789841267;B
20240307;101056;585.3;1;9789841383;B
20240307;101058;585.3;97;9789841528;B
20240307;101058;585.3;1;9789841559;B
20240307;101103;585.3;1;9789842337;B
20240307;101107;585.25;1;9789842958;B
20240307;101111;585.15;3;9789843515;S
20240307;101114;585.25;20;9789844007;B
20240307;101114;585.3;36;9789844008;B
20240307;101114;585.3;292;9789844009;B
20240307;101115;585.25;1;9789844105;B
20240307;101119;585.2;4;9789844592;B
20240307;101120;585.15;10;9789844672;S
20240307;101121;585.2;3;9789845055;B
20240307;101122;585.25;2;9789845296;B
20240307;101123;585.2;27;9789845403;S
20240307;101123;585.15;128;9789845404;S
20240307;101123;585.15;1;9789845405;S
20240307;101123;585.15;6;9789845406;S
20240307;101123;585.15;138;9789845407;B
20240307;101123;585.25;1;9789845408;B
20240307;101123;585.25;161;9789845443;S
20240307;101126;585.15;10;9789845997;B
20240307;101127;585.1;1;9789846052;S
20240307;101127;585.15;1;9789846128;B
20240307;101129;585.1;40;9789846360;S
20240307;101129;585.15;1;9789846383;B
20240307;101133;585.1;4;9789846877;S
20240307;101134;585.15;21;9789847015;B
20240307;101134;585.25;37;9789847016;B
20240307;101134;585.25;50;9789847017;B
20240307;101134;585.3;284;9789847018;B
20240307;101134;585.3;3;9789847019;B
20240307;101134;585.3;2;9789847020;B
20240307;101134;585.35;3;9789847021;B
20240307;101136;585.1;4;9789847298;S
20240307;101140;585.15;1;9789847721;S
20240307;101141;585.15;1;9789847916;B
20240307;101142;585.1;7;9789847991;S
20240307;101145;585.1;3;9789848435;S
20240307;101149;585.1;7;9789848820;S
20240307;101149;585.1;4;9789848838;S
20240307;101151;585.15;4;9789849088;B
20240307;101152;585.15;3;9789849213;B
20240307;101155;585.2;1;9789849587;B
20240307;101157;585.2;3;9789849757;B
20240307;101157;585.15;1;9789849805;B
20240307;101158;585.1;2;9789849888;S
20240307;101158;585.15;5;9789849989;B
20240307;101202;585.15;7;9789850432;B
20240307;101202;585.15;119;9789850555;B
20240307;101202;585.2;34;9789850556;B
20240307;101202;585.2;1447;9789850557;B
20240307;101203;585.15;1;9789850673;B
20240307;101203;585.15;1;9789850676;B
20240307;101206;585.1;6;9789851017;S
20240307;101206;585.1;10;9789851018;S
20240307;101206;585.1;1;9789851019;S
20240307;101206;585.1;99;9789851020;S
20240307;101210;585.15;1;9789851634;B
20240307;101210;585.1;1;9789851747;S
20240307;101211;585.15;2;9789851765;B
20240307;101212;585.15;1;9789851934;B
20240307;101212;585.15;1;9789851942;B
20240307;101214;585.15;1;9789852116;B
20240307;101214;585.15;2;9789852178;B
20240307;101216;585.15;32;9789852361;B
20240307;101216;585.15;13;9789852362;B
20240307;101216;585.15;3;9789852371;B
20240307;101216;585.1;2;9789852450;S
20240307;101217;585.1;10;9789852541;S
20240307;101219;585.15;1;9789852719;B
20240307;101220;585.1;200;9789852805;S
20240307;101220;585.15;1;9789852892;B
20240307;101221;585.1;188;9789852906;S
20240307;101221;585.1;13;9789852907;S
20240307;101221;585.1;37;9789852908;S
20240307;101221;585.1;40;9789852909;S
20240307;101221;585.1;1;9789852910;S
20240307;101221;585.1;1;9789852911;S
20240307;101221;585.1;1;9789852912;S
20240307;101221;585.1;150;9789852913;S
20240307;101221;585.05;1;9789852914;S
20240307;101221;585.05;118;9789852915;S
20240307;101224;585.1;5;9789853377;B
20240307;101227;585.1;5;9789853836;B
20240307;101228;585.05;82;9789853906;S
20240307;101228;585.05;3;9789853907;S
20240307;101228;585;174;9789853908;S
20240307;101228;585;1;9789853909;S
20240307;101228;585;1;9789853910;S
20240307;101228;585;50;9789853911;S
20240307;101228;585;2;9789853912;S
20240307;101228;585;5;9789853913;S
20240307;101228;585;4;9789853914;S
20240307;101228;585;1;9789853915;S
20240307;101228;585;20;9789853916;S
20240307;101228;585;100;9789853917;S
20240307;101228;585;40;9789853918;S
20240307;101228;585;1000;9789853919;S
20240307;101228;585;10;9789853920;S
20240307;101228;585;20;9789853921;S
20240307;101228;585;1;9789853922;S
20240307;101228;585;97;9789853923;S
20240307;101228;585;1;9789853924;S
20240307;101228;585;10;9789853925;S
20240307;101228;585;1;9789853926;S
20240307;101228;585;1;9789853927;S
20240307;101228;585;1;9789853928;S
20240307;101228;585;5;9789853929;S
20240307;101228;585;10;9789853930;S
20240307;101228;585;1;9789853931;S
20240307;101228;585;20;9789853932;S
20240307;101228;585;50;9789853933;S
20240307;101228;585;38;9789853934;S
20240307;101228;585;427;9789853935;S
20240307;101228;585;1;9789853936;S
20240307;101228;584.95;20;9789853939;S
20240307;101228;584.95;5;9789853940;S
20240307;101228;584.95;1;9789853941;S
20240307;101228;584.95;10;9789853942;S
20240307;101228;584.95;8;9789853943;S
20240307;101228;584.9;1;9789853956;S
20240307;101228;584.9;2;9789853957;S
20240307;101228;584.9;20;9789853958;S
20240307;101228;584.9;1;9789853959;S
20240307;101229;584.9;1;9789854055;B
20240307;101230;584.85;1;9789854193;S
20240307;101230;584.85;199;9789854321;S
20240307;101230;584.85;30;9789854322;S
20240307;101230;584.85;20;9789854323;S
20240307;101230;584.8;5;9789854324;S
20240307;101230;584.8;20;9789854325;S
20240307;101230;584.8;700;9789854326;S
20240307;101230;584.8;34;9789854327;S
20240307;101230;584.75;50;9789854328;S
20240307;101230;584.75;10;9789854329;S
20240307;101230;584.75;427;9789854330;S
20240307;101230;584.75;38;9789854331;S
20240307;101230;584.75;50;9789854332;S
20240307;101230;584.7;10;9789854333;S
20240307;101230;584.7;500;9789854334;S
20240307;101230;584.7;39;9789854335;S
20240307;101230;584.65;27;9789854336;S
20240307;101230;584.65;1;9789854337;S
20240307;101230;584.65;2;9789854338;S
20240307;101230;584.6;60;9789854339;S
20240307;101230;584.6;30;9789854340;S
20240307;101230;584.6;1;9789854341;S
20240307;101230;584.6;30;9789854342;S
20240307;101230;584.6;5;9789854343;S
20240307;101230;584.6;34;9789854344;S
20240307;101230;584.6;10;9789854345;S
20240307;101230;584.6;970;9789854346;S
20240307;101230;584.55;4;9789854347;S
20240307;101230;584.55;150;9789854348;S
20240307;101230;584.55;7;9789854349;S
20240307;101230;584.55;1;9789854350;S
20240307;101230;584.55;529;9789854351;S
20240307;101231;584.5;650;9789854463;S
20240307;101231;584.5;2258;9789854480;S
20240307;101232;584.65;1;9789854717;B
20240307;101232;584.65;1;9789854733;B
20240307;101232;584.7;14;9789854734;B
20240307;101234;584.6;1;9789855056;B
20240307;101234;584.65;1;9789855057;B
20240307;101234;584.5;512;9789855059;S
20240307;101236;584.55;1;9789855345;S
20240307;101236;584.5;50;9789855346;S
20240307;101238;584.55;1;9789855631;S
20240307;101238;584.5;499;9789855632;S
20240307;101238;584.5;15;9789855633;S
20240307;101241;584.5;15;9789856136;S
20240307;101241;584.5;1;9789856137;S
20240307;101241;584.5;7;9789856138;S
20240307;101241;584.5;1;9789856139;S
20240307;101241;584.5;5;9789856140;S
20240307;101241;584.5;5;9789856157;S
20240307;101241;584.5;10;9789856158;S
20240307;101241;584.5;50;9789856159;S
20240307;101241;584.5;5;9789856160;S
20240307;101241;584.5;15;9789856161;S
20240307;101244;584.5;85;9789856544;S
20240307;101244;584.5;10;9789856545;S
20240307;101244;584.5;1;9789856546;S
20240307;101244;584.5;9;9789856547;S
20240307;101244;584.5;1;9789856548;S
20240307;101247;584.5;4;9789857164;B
20240307;101248;584.45;1;9789857373;S
20240307;101248;584.45;684;9789857462;S
20240307;101249;584.5;2;9789857509;B
20240307;101250;584.5;5;9789857592;B
20240307;101250;584.5;19;9789857593;B
20240307;101251;584.45;50;9789857699;S
20240307;101252;584.5;10;9789857912;B
20240307;101254;584.45;5;9789858059;S
20240307;101254;584.5;1;9789858060;B
20240307;101254;584.45;100;9789858095;S
20240307;101255;584.5;1;9789858139;B
20240307;101255;584.5;100;9789858233;B
20240307;101257;584.5;1;9789858372;B
20240307;101257;584.5;10;9789858417;B
20240307;101257;584.5;1;9789858429;B
20240307;101258;584.5;3;9789858688;B
20240307;101258;584.5;1;9789858689;B
20240307;101259;584.45;20;9789858747;S
20240307;101259;584.45;5;9789858748;S
20240307;101259;584.45;69;9789858792;S
20240307;101259;584.5;50;9789858845;B
20240307;101304;584.45;350;9789859421;S
20240307;101304;584.45;1;9789859422;S
20240307;101304;584.45;50;9789859423;S
20240307;101304;584.45;10;9789859424;S
20240307;101304;584.45;575;9789859425;S
20240307;101304;584.5;5;9789859477;B
20240307;101307;584.5;1;9789859818;B
20240307;101307;584.5;1;9789859900;B
20240307;101307;584.5;1;9789859951;B
20240307;101308;584.45;1;9789860062;S
20240307;101310;584.45;3;9789860306;S
20240307;101310;584.45;86;9789860343;S
20240307;101311;584.45;3;9789860448;S
20240307;101313;584.45;10;9789860873;S
20240307;101314;584.45;2;9789860895;S
20240307;101315;584.45;1;9789861066;S
20240307;101316;584.5;3;9789861119;B
20240307;101317;584.45;86;9789861246;S
20240307;101318;584.5;1;9789861324;B
20240307;101320;584.45;2;9789861509;S
20240307;101320;584.45;7;9789861517;S
20240307;101320;584.5;2;9789861582;B
20240307;101320;584.45;15;9789861629;S
20240307;101322;584.5;1;9789861759;B
20240307;101322;584.5;1;9789861783;B
20240307;101322;584.45;6;9789861794;S
20240307;101323;584.45;190;9789861923;S
20240307;101324;584.5;3;9789861960;B
20240307;101324;584.55;2;9789861961;B
20240307;101324;584.45;13;9789862055;S
20240307;101324;584.45;1;9789862056;S
20240307;101324;584.45;1;9789862057;S
20240307;101324;584.45;1;9789862058;S
20240307;101324;584.45;34;9789862059;S
20240307;101328;584.5;1;9789862438;S
20240307;101331;584.45;57;9789862892;S
20240307;101331;584.4;154;9789862893;S
20240307;101331;584.4;20;9789862894;S
20240307;101331;584.4;2;9789862895;S
20240307;101331;584.4;67;9789862896;S
20240307;101331;584.35;50;9789862897;S
20240307;101331;584.35;406;9789862898;S
20240307;101331;584.3;6;9789862899;S
20240307;101331;584.3;685;9789862900;S
20240307;101331;584.3;1;9789862901;S
20240307;101331;584.3;427;9789862902;S
20240307;101331;584.2;1;9789862903;S
20240307;101331;584.2;1;9789862904;S
20240307;101331;584.2;5;9789862905;S
20240307;101331;584.2;1;9789862906;S
20240307;101331;584.2;3;9789862907;S
20240307;101331;584.2;2;9789862908;S
20240307;101331;584.2;112;9789862909;S
20240307;101331;584.15;10;9789862910;S
20240307;101331;584.15;1;9789862911;S
20240307;101331;584.15;136;9789862912;S
20240307;101331;584.15;300;9789862913;S
20240307;101331;584.1;1;9789862914;S
20240307;101331;584.1;1;9789862915;S
20240307;101331;584.1;100;9789862916;S
20240307;101331;584.1;20;9789862917;S
20240307;101331;584.1;160;9789862918;S
20240307;101331;584.1;100;9789862919;S
20240307;101331;584.1;136;9789862920;S
20240307;101331;584.1;200;9789862921;B
20240307;101332;584.05;1;9789863086;S
20240307;101332;584.05;48;9789863087;S
20240307;101332;584;48;9789863088;S
20240307;101333;584;280;9789863131;S
20240307;101333;584.05;3;9789863142;B
20240307;101333;584;4;9789863146;S
20240307;101333;584;1;9789863202;S
20240307;101334;584;1;9789863294;S
20240307;101335;584.05;1;9789863364;B
20240307;101335;584.05;1;9789863370;B
20240307;101336;584;17;9789863424;S
20240307;101336;584.05;1;9789863476;B
20240307;101336;584.05;50;9789863521;B
20240307;101337;584.05;6;9789863573;B
20240307;101338;584;40;9789863657;S
20240307;101339;584;79;9789864013;S
20240307;101339;584;1;9789864014;S
20240307;101339;584;5;9789864015;S
20240307;101339;584;2;9789864016;S
20240307;101339;584;10;9789864017;S
20240307;101339;584;300;9789864018;S
20240307;101339;584;10;9789864019;S
20240307;101339;584;14;9789864020;S
20240307;101339;584;10;9789864021;S
20240307;101339;584;2;9789864022;S
20240307;101339;584;1;9789864023;S
20240307;101339;584;1;9789864024;S
20240307;101339;584;20;9789864025;S
20240307;101339;584;100;9789864026;S
20240307;101339;584;10;9789864027;S
20240307;101339;584;1;9789864028;S
20240307;101339;584;1;9789864029;S
20240307;101339;584;5;9789864030;S
20240307;101339;584;2;9789864031;S
20240307;101339;584;7;9789864032;S
20240307;101339;584;10;9789864033;S
20240307;101339;584;1;9789864034;S
20240307;101339;584;1;9789864035;S
20240307;101339;583.95;2;9789864036;S
20240307;101339;583.95;1;9789864037;S
20240307;101339;583.95;2;9789864108;B
20240307;101340;583.95;5;9789864190;B
20240307;101342;583.95;3;9789864421;B
20240307;101342;583.9;1;9789864451;S
20240307;101343;583.95;40;9789864576;B
20240307;101344;583.9;3;9789864708;S
20240307;101344;583.8;1;9789864709;S
20240307;101345;583.85;4;9789864911;B
20240307;101345;583.8;1;9789864921;S
20240307;101346;583.85;1;9789864985;B
20240307;101346;583.85;1;9789865114;B
20240307;101346;583.8;3;9789865122;S
20240307;101346;583.8;2;9789865123;S
20240307;101347;583.8;5;9789865242;S
20240307;101349;583.85;1;9789865469;B
20240307;101350;583.8;3;9789865684;S
20240307;101350;583.8;80;9789865685;S
20240307;101350;583.8;5;9789865686;S
20240307;101350;583.8;1;9789865687;S
20240307;101350;583.8;10;9789865688;S
20240307;101350;583.75;1;9789865689;S
20240307;101350;583.75;20;9789865690;S
20240307;101350;583.8;3;9789865708;B
20240307;101350;583.7;1;9789865751;S
20240307;101350;583.7;3;9789865752;S
20240307;101350;583.7;1;9789865753;S
20240307;101350;583.7;115;9789865754;S
20240307;101351;583.7;120;9789865802;S
20240307;101351;583.75;1;9789865817;B
20240307;101352;583.75;1;9789865916;B
20240307;101353;583.7;80;9789866074;S
20240307;101354;583.75;1;9789866135;B
20240307;101355;583.75;25;9789866453;B
20240307;101356;583.7;15;9789866562;S
20240307;101357;583.75;1;9789866642;B
20240307;101358;583.7;3;9789866675;S
20240307;101358;583.7;417;9789866746;S
20240307;101358;583.7;250;9789866750;S
20240307;101358;583.7;5;9789866751;S
20240307;101358;583.7;100;9789866752;S
20240307;101358;583.7;1;9789866753;S
20240307;101358;583.7;1;9789866754;S
20240307;101358;583.7;1;9789866821;B
20240307;101359;583.7;10;9789866841;B
20240307;101359;583.65;1000;9789866959;S
20240307;101359;583.65;25;9789866960;S
20240307;101359;583.65;100;9789866961;S
20240307;101359;583.65;2;9789866962;S
20240307;101359;583.65;62;9789866963;S
20240307;101359;583.6;15;9789866964;S
20240307;101359;583.6;1;9789866965;S
20240307;101359;583.6;1;9789866966;S
20240307;101359;583.55;1;9789866967;S
20240307;101359;583.55;5;9789866968;S
20240307;101359;583.55;200;9789866969;S
20240307;101359;583.55;99;9789866970;S
20240307;101359;583.55;1;9789866971;S
20240307;101359;583.55;1;9789866972;S
20240307;101359;583.55;136;9789866973;S
20240307;101359;583.55;20;9789866974;S
20240307;101359;583.5;2;9789866975;S
20240307;101359;583.5;2;9789866976;S
20240307;101359;583.5;5;9789866977;S
20240307;101359;583.5;17;9789866978;S
20240307;101359;583.5;50;9789866979;S
20240307;101359;583.5;100;9789866980;S
20240307;101359;583.5;10;9789866981;S
20240307;101359;583.5;2;9789866982;S
20240307;101359;583.5;1;9789866983;S
20240307;101359;583.5;64;9789866984;S
20240307;101359;583.5;10;9789866985;S
20240307;101359;583.5;136;9789866986;S
20240307;101359;583.5;50;9789866987;S
20240307;101359;583.5;428;9789866988;S
20240307;101359;583.45;5;9789866989;S
20240307;101359;583.45;136;9789866990;S
20240307;101359;583.4;50;9789866991;S
20240307;101359;583.4;1145;9789866992;S
20240307;101359;583.4;300;9789866993;S
20240307;101359;583.4;100;9789866994;B
20240307;101359;583.4;300;9789866995;B
20240307;101359;583.4;100;9789866996;B
20240307;101359;583.4;100;9789867004;B
20240307;101359;583.4;200;9789867005;B
20240307;101359;583.4;400;9789867006;B
20240307;101359;583.4;6;9789867008;B
20240307;101359;583.4;100;9789867011;B
20240307;101359;583.35;2;9789867018;S
20240307;101359;583.35;35;9789867019;S
20240307;101359;583.35;1;9789867020;S
20240307;101359;583.35;200;9789867021;S
20240307;101359;583.3;1;9789867022;S
20240307;101359;583.3;1;9789867023;S
20240307;101359;583.3;63;9789867024;S
20240307;101359;583.25;20;9789867025;S
20240307;101359;583.25;500;9789867026;S
20240307;101359;583.25;4;9789867027;S
20240307;101359;583.2;2;9789867028;S
20240307;101359;583.2;2;9789867029;S
20240307;101359;583.2;1;9789867030;S
20240307;101359;583.2;1;9789867031;S
20240307;101359;583.2;20;9789867032;S
20240307;101359;583.2;8;9789867033;S
20240307;101359;583.15;1;9789867034;S
20240307;101359;583.15;1;9789867035;S
20240307;101359;583.15;32;9789867036;S
20240307;101359;583.1;5;9789867037;S
20240307;101359;583.1;200;9789867038;S
20240307;101359;583.1;1;9789867039;S
20240307;101359;583.1;3;9789867040;S
20240307;101359;583.1;300;9789867041;S
20240307;101359;583.1;12;9789867042;S
20240307;101359;583.1;184;9789867043;S
20240307;101359;583.3;50;9789867044;B
20240307;101359;583.3;120;9789867048;S
20240307;101359;583.3;1;9789867049;S
20240307;101400;583.3;33;9789867058;S
20240307;101400;583.3;1;9789867067;S
20240307;101400;583.35;2;9789867070;B
20240307;101400;583.35;1;9789867077;B
20240307;101400;583.35;62;9789867078;B
20240307;101400;583.35;50;9789867079;B
20240307;101400;583.35;59;9789867080;B
20240307;101400;583.3;95;9789867083;S
20240307;101400;583.1;158;9789867084;S
20240307;101400;583.35;10;9789867085;B
20240307;101400;583.35;90;9789867086;B
20240307;101400;583.2;76;9789867088;B
20240307;101400;583.2;1830;9789867089;B
20240307;101400;583.2;50;9789867090;B
20240307;101400;583.2;1500;9789867091;B
20240307;101400;583.15;100;9789867092;B
20240307;101400;583.15;300;9789867093;B
20240307;101400;583.15;100;9789867094;B
20240307;101400;583.2;75;9789867095;B
20240307;101400;583.2;13;9789867106;B
20240307;101400;583.15;1;9789867107;S
20240307;101400;583.15;49;9789867120;S
20240307;101400;583.15;51;9789867121;S
20240307;101400;583.25;100;9789867154;B
20240307;101400;583.25;20;9789867155;B
20240307;101400;583.4;280;9789867156;B
20240307;101400;583.4;100;9789867157;B
20240307;101400;583.4;300;9789867158;B
20240307;101400;583.4;100;9789867159;B
20240307;101400;583.4;300;9789867160;B
20240307;101400;583.35;9;9789867165;S
20240307;101400;583.35;90;9789867175;S
20240307;101400;583.35;5;9789867176;S
20240307;101400;583.35;24;9789867178;S
20240307;101400;583.4;1;9789867190;B
20240307;101400;583.35;72;9789867191;S
20240307;101400;583.35;200;9789867192;S
20240307;101400;583.35;128;9789867193;S
20240307;101400;583.35;1;9789867194;S
20240307;101400;583.35;71;9789867195;S
20240307;101400;583.2;1;9789867197;S
20240307;101401;583.35;5;9789867198;B
20240307;101401;583.2;10;9789867199;S
20240307;101401;583.35;1;9789867245;B
20240307;101402;583.25;1;9789867335;S
20240307;101402;583.25;19;9789867336;B
20240307;101402;583.3;1;9789867337;B
20240307;101402;583.3;50;9789867338;B
20240307;101402;583.35;81;9789867339;B
20240307;101402;583.35;300;9789867340;B
20240307;101404;583.35;1;9789867687;B
20240307;101404;583.35;1;9789867725;B
20240307;101405;583.35;1;9789867793;B
20240307;101405;583.3;25;9789867842;S
20240307;101405;583.35;2;9789867844;B
20240307;101405;583.35;50;9789867845;B
20240307;101406;583.35;1;9789867857;B
20240307;101407;583.3;1;9789867977;S
20240307;101407;583.3;1;9789868037;S
20240307;101408;583.35;2;9789868158;B
20240307;101408;583.35;500;9789868248;B
20240307;101409;583.35;984;9789868267;B
20240307;101409;583.35;1;9789868268;B
20240307;101409;583.4;222;9789868269;B
20240307;101409;583.35;160;9789868281;S
20240307;101409;583.4;2;9789868354;B
20240307;101410;583.4;50;9789868379;B
20240307;101410;583.4;100;9789868398;B
20240307;101410;583.35;360;9789868399;S
20240307;101410;583.4;50;9789868444;B
20240307;101410;583.4;50;9789868484;B
20240307;101411;583.35;5;9789868504;S
20240307;101411;583.4;1;9789868505;B
20240307;101411;583.4;9;9789868543;B
20240307;101411;583.4;24;9789868554;B
20240307;101411;583.4;1;9789868573;B
20240307;101411;583.4;10;9789868593;B
20240307;101412;583.35;4;9789868602;S
20240307;101412;583.4;100;9789868613;B
20240307;101412;583.4;142;9789868617;B
20240307;101412;583.4;5;9789868618;B
20240307;101417;583.6;10;9789869274;B
20240307;101418;583.7;1;9789869329;B
20240307;101419;583.65;38;9789869478;S
20240307;101420;583.7;50;9789869563;B
20240307;101421;583.7;85;9789869715;B
20240307;101421;583.7;74;9789869716;B
20240307;101421;583.7;1;9789869757;B
20240307;101424;583.7;25;9789870253;B
20240307;101424;583.7;137;9789870254;B
20240307;101424;583.75;137;9789870255;B
20240307;101424;583.75;67;9789870256;B
20240307;101424;583.8;23;9789870257;B
20240307;101424;583.8;137;9789870258;B
20240307;101424;583.9;2;9789870431;B
20240307;101426;583.85;9;9789870673;S
20240307;101428;583.9;1;9789870923;B
20240307;101428;583.9;9;9789870946;B
20240307;101428;583.95;1;9789870947;B
20240307;101429;583.95;7;9789871096;B
20240307;101431;583.95;1;9789871371;B
20240307;101433;583.95;3;9789871560;B
20240307;101433;583.9;1;9789871561;S
20240307;101433;583.9;2;9789871562;S
20240307;101433;583.9;1;9789871564;S
20240307;101435;583.95;92;9789871872;B
20240307;101435;583.95;108;9789871873;B
20240307;101436;583.9;10;9789871980;S
20240307;101436;583.95;2;9789872045;B
20240307;101436;583.95;2;9789872053;B
20240307;101436;583.9;2;9789872098;S
20240307;101436;583.95;1;9789872099;B
20240307;101437;583.9;1;9789872294;S
20240307;101438;583.95;1;9789872399;B
20240307;101438;583.95;2;9789872507;S
20240307;101440;584;10;9789872748;B
20240307;101440;584;30;9789872749;B
20240307;101440;584;1;9789872750;B
20240307;101440;584;66;9789872751;B
20240307;101440;584;3;9789872780;S
20240307;101441;584;1;9789872916;S
20240307;101442;584.05;1;9789873048;B
20240307;101443;584;3;9789873109;S
20240307;101444;584.05;1;9789873208;B
20240307;101445;584.05;1;9789873366;B
20240307;101446;584.05;15;9789873409;B
20240307;101447;584;17;9789873585;S
20240307;101448;584.05;2;9789873648;B
20240307;101448;584.05;20;9789873689;B
20240307;101448;584.1;3;9789873707;B
20240307;101449;584.1;2;9789873806;B
20240307;101450;584.1;423;9789873931;B
20240307;101450;584.1;66;9789873932;B
20240307;101451;584.2;8;9789873935;B
20240307;101451;584.25;13;9789873936;B
20240307;101451;584.25;2;9789873959;B
20240307;101454;584.3;8;9789874559;B
20240307;101457;584.3;5;9789874990;B
20240307;101458;584.25;1;9789875367;S
20240307;101459;584.3;8;9789875426;B
20240307;101459;584.25;5;9789875427;S
20240307;101501;584.3;2;9789875766;B
20240307;101501;584.25;153;9789875881;S
20240307;101501;584.25;1;9789875907;S
20240307;101501;584.25;10;9789875908;S
20240307;101501;584.25;20;9789875911;S
20240307;101501;584.25;7;9789875923;S
20240307;101501;584.2;67;9789875924;S
20240307;101501;584.2;5;9789875925;S
20240307;101501;584.2;1;9789875926;S
20240307;101501;584.2;50;9789875927;S
20240307;101501;584.15;24;9789875928;S
20240307;101502;584.3;113;9789875973;B
20240307;101502;584.3;428;9789875974;B
20240307;101502;584.3;66;9789875975;B
20240307;101502;584.35;136;9789875976;B
20240307;101502;584.4;136;9789875977;B
20240307;101502;584.45;50;9789875978;B
20240307;101502;584.5;1000;9789875979;B
20240307;101502;584.55;3;9789875980;B
20240307;101502;584.6;68;9789875981;B
20240307;101502;584.55;1;9789875992;B
20240307;101502;584.55;2;9789876008;B
20240307;101504;584.45;1;9789876476;B
20240307;101506;584.45;2;9789876881;B
20240307;101509;584.3;4;9789877239;S
20240307;101509;584.3;1;9789877240;S
20240307;101511;584.2;270;9789877691;S
20240307;101511;584.2;1;9789877727;S
20240307;101513;584.2;1;9789878173;S
20240307;101513;584.25;1;9789878178;B
20240307;101513;584.25;2;9789878179;B
20240307;101513;584.2;1;9789878272;S
20240307;101514;584.25;1;9789878628;B
20240307;101514;584.2;2;9789878631;S
20240307;101515;584.2;1;9789878838;S
20240307;101515;584.25;46;9789878844;B
20240307;101515;584.25;1;9789878881;S
20240307;101515;584.25;1;9789878957;S
20240307;101516;584.25;1;9789879038;S
20240307;101517;584.25;5;9789879492;S
20240307;101517;584.25;1;9789879534;S
20240307;101518;584.3;1;9789879757;B
20240307;101519;584.25;1;9789879999;S
20240307;101519;584.25;1;9789880028;S
20240307;101520;584.25;3;9789880236;S
20240307;101521;584.25;1;9789880276;S
20240307;101521;584.25;3;9789880286;S
20240307;101524;584.25;1;9789881064;S
20240307;101524;584.3;1;9789881138;B
20240307;101524;584.3;1;9789881139;B
20240307;101524;584.3;2;9789881140;B
20240307;101524;584.25;19;9789881142;S
20240307;101524;584.25;3;9789881164;S
20240307;101524;584.25;6;9789881230;S
20240307;101525;584.35;8;9789881398;B
20240307;101526;584.35;1;9789881593;B
20240307;101526;584.35;3;9789881653;B
20240307;101526;584.35;77;9789881654;B
20240307;101526;584.3;1;9789881692;S
20240307;101527;584.45;1;9789881750;B
20240307;101529;584.35;1;9789882131;B
20240307;101529;584.4;1;9789882137;B
20240307;101531;584.4;1;9789882417;B
20240307;101531;584.4;1;9789882463;B
20240307;101535;584.4;8;9789883055;B
20240307;101537;584.35;1;9789883346;S
20240307;101538;584.35;1;9789883595;S
20240307;101538;584.35;44;9789883596;S
20240307;101538;584.35;33;9789883597;S
20240307;101538;584.35;50;9789883598;S
20240307;101538;584.3;512;9789883599;S
20240307;101538;584.3;500;9789883600;S
20240307;101538;584.3;64;9789883601;S
20240307;101538;584.25;307;9789883602;S
20240307;101538;584.25;279;9789883603;S
20240307;101538;584.25;5;9789883604;S
20240307;101538;584.25;2;9789883605;S
20240307;101538;584.2;80;9789883606;S
20240307;101538;584.2;1;9789883607;S
20240307;101538;584.2;50;9789883608;S
20240307;101538;584.2;2;9789883609;S
20240307;101538;584.15;136;9789883610;S
20240307;101538;584.1;1011;9789883611;S
20240307;101538;584.1;136;9789883612;S
20240307;101538;584.1;3;9789883613;S
20240307;101538;584.05;200;9789883614;S
20240307;101538;584.05;136;9789883615;S
20240307;101538;584;1869;9789883616;S
20240307;101538;584;10;9789883617;S
20240307;101538;584;1;9789883618;S
20240307;101538;583.9;10;9789883619;S
20240307;101538;583.85;100;9789883620;S
20240307;101538;583.85;400;9789883621;S
20240307;101538;583.85;24;9789883622;S
20240307;101538;583.85;2;9789883623;S
20240307;101538;583.8;92;9789883624;S
20240307;101538;584.2;1;9789883643;B
20240307;101538;584.2;49;9789883688;B
20240307;101538;584.2;51;9789883689;B
20240307;101543;584.15;1;9789884614;B
20240307;101543;584.2;4;9789884615;B
20240307;101544;584.15;1;9789884973;B
20240307;101544;584.2;1;9789884974;B
20240307;101547;584.2;195;9789885575;B
20240307;101547;584.2;50;9789885576;B
20240307;101549;584.25;26;9789885949;B
20240307;101549;584.25;1;9789885975;S
20240307;101550;584.3;136;9789886012;B
20240307;101552;584.25;450;9789886454;S
20240307;101557;584.35;50;9789887396;B
20240307;101558;584.4;1;9789887453;B
20240307;101558;584.4;15;9789887494;B
20240307;101601;584.5;1;9789887977;B
20240307;101602;584.5;230;9789888509;B
20240307;101606;584.45;37;9789889621;S
20240307;101606;584.5;1;9789889678;B
20240307;101608;584.5;20;9789890182;B
20240307;101609;584.4;2;9789890554;S
20240307;101611;584.4;175;9789891041;S
20240307;101611;584.4;50;9789891042;S
20240307;101611;584.4;25;9789891043;S
20240307;101611;584.35;61;9789891044;S
20240307;101611;584.3;59;9789891045;S
20240307;101611;584.25;513;9789891046;S
20240307;101611;584.2;926;9789891047;S
20240307;101613;584.25;400;9789891386;S
20240307;101615;584.25;1;9789891701;S
20240307;101617;584.35;50;9789892302;B
20240307;101618;584.25;1;9789892517;S
20240307;101620;584.25;135;9789892742;S
20240307;101623;584.45;1;9789893643;B
20240307;101630;584.35;5;9789895233;S
20240307;101630;584.3;61;9789895234;S
20240307;101630;584.3;102;9789895235;S
20240307;101631;584.45;3;9789895315;B
20240307;101631;584.3;1;9789895380;S
20240307;101634;584.3;153;9789895723;S
20240307;101634;584.25;190;9789895724;S
20240307;101634;584.4;1;9789895860;B
20240307;101635;584.45;1;9789896049;B
20240307;101637;584.45;14;9789896174;B
20240307;101637;584.45;2;9789896270;B
20240307;101638;584.45;36;9789896316;B
20240307;101638;584.45;50;9789896317;B
20240307;101638;584.5;1;9789896367;B
20240307;101638;584.5;5;9789896422;B
20240307;101639;584.45;30;9789896503;S
20240307;101639;584.55;1;9789896634;B
20240307;101639;584.55;1;9789896635;B
20240307;101640;584.55;2;9789896731;B
20240307;101643;584.55;2;9789897094;B
20240307;101643;584.55;4;9789897217;B
20240307;101645;584.55;20;9789897399;B
20240307;101648;584.55;1;9789898650;B
20240307;101655;584.55;2;9789900455;B
20240307;101657;584.55;2;9789900956;B
20240307;101659;584.55;2;9789901306;B
20240307;101659;584.55;65;9789901457;B
20240307;101659;584.55;35;9789901458;B
20240307;101659;584.55;10;9789901487;B
20240307;101700;584.55;55;9789901661;B
20240307;101700;584.55;11;9789901678;S
20240307;101701;584.6;2;9789901895;B
20240307;101702;584.6;3;9789901911;B
20240307;101702;584.6;6;9789901914;B
20240307;101703;584.6;1;9789902335;B
20240307;101704;584.6;35;9789902377;B
20240307;101704;584.6;1;9789902390;B
20240307;101704;584.6;2;9789902502;B
20240307;101704;584.65;34;9789902503;B
20240307;101706;584.55;50;9789902785;S
20240307;101706;584.55;59;9789902786;S
20240307;101706;584.55;1;9789902787;S
20240307;101706;584.5;513;9789902788;S
20240307;101706;584.45;884;9789902789;S
20240307;101706;584.45;46;9789902790;S
20240307;101706;584.35;150;9789902791;S
20240307;101706;584.25;20;9789902792;S
20240307;101706;584.25;804;9789902793;S
20240307;101706;584.2;573;9789902794;S
20240307;101715;584.35;1;9789904219;B
20240307;101717;584.35;1;9789904493;B
20240307;101718;584.35;1;9789904545;B
20240307;101719;584.2;50;9789904798;S
20240307;101720;584.2;10;9789904819;S
20240307;101720;584.4;4;9789904859;B
20240307;101724;584.25;1;9789905846;S
20240307;101724;584.25;9;9789905847;S
20240307;101727;584.2;2;9789906364;S
20240307;101727;584.4;10;9789906392;B
20240307;101729;584.2;1;9789906692;S
20240307;101732;584.2;193;9789907523;S
20240307;101732;584.2;6;9789907524;S
20240307;101733;584.3;1;9789907729;B
20240307;101733;584.3;13;9789907730;B
20240307;101738;584.2;3;9789908502;S
20240307;101740;584.3;7;9789908843;B
20240307;101740;584.3;3;9789908869;B
20240307;101740;584.35;1;9789908893;B
20240307;101742;584.35;2;9789909587;B
20240307;101742;584.35;1;9789909595;B
20240307;101745;584.25;4;9789910568;B
20240307;101745;584.2;2;9789910569;S
20240307;101746;584.25;12;9789910640;B
20240307;101747;584.25;1;9789910762;B
20240307;101748;584.2;2;9789911130;S
20240307;101748;584.25;1;9789911131;B
20240307;101748;584.25;1;9789911133;B
20240307;101748;584.2;1;9789911137;S
20240307;101749;584.25;16;9789911280;B
20240307;101749;584.25;65;9789911281;B
20240307;101749;584.25;3;9789911305;B
20240307;101749;584.25;1;9789911368;B
20240307;101754;584.25;3;9789912825;B
20240307;101754;584.25;5;9789912852;B
20240307;101756;584.25;2;9789913062;B
20240307;101757;584.25;4;9789913315;B
20240307;101757;584.25;6;9789913319;B
20240307;101757;584.25;286;9789913369;B
20240307;101757;584.25;375;9789913370;B
20240307;101758;584.25;2;9789913495;S
20240307;101758;584.25;10;9789913634;S
20240307;101758;584.3;30;9789913649;S
20240307;101804;584.55;5;9789914707;B
20240307;101810;584.4;13;9789916657;S
20240307;101815;584.4;2;9789917459;S
20240307;101815;584.55;1;9789917509;B
20240307;101815;584.55;3;9789917510;B
20240307;101815;584.55;2;9789917511;B
20240307;101815;584.55;1;9789917512;B
20240307;101815;584.55;3;9789917513;B
20240307;101815;584.55;3;9789917514;B
20240307;101815;584.55;4;9789917515;B
20240307;101815;584.55;1;9789917516;B
20240307;101815;584.55;4;9789917517;B
20240307;101815;584.55;2;9789917518;B
20240307;101815;584.55;1;9789917519;B
20240307;101815;584.55;3;9789917520;B
20240307;101816;584.55;1;9789917610;S
20240307;101819;584.6;1;9789917950;B
20240307;101819;584.6;1;9789917951;B
20240307;101819;584.6;3;9789918045;B
20240307;101820;584.6;6;9789918064;B
20240307;101824;584.55;1;9789918615;S
20240307;101828;584.5;50;9789919122;S
20240307;101829;584.55;2;9789919131;B
20240307;101829;584.45;72;9789919142;S
20240307;101830;584.6;1;9789919312;B
20240307;101831;584.45;2;9789919393;S
20240307;101831;584.45;52;9789919394;S
20240307;101831;584.4;176;9789919395;S
20240307;101832;584.55;4;9789919567;B
20240307;101832;584.6;52;9789919568;B
20240307;101832;584.65;28;9789919569;B
20240307;101832;584.65;16;9789919570;B
20240307;101833;584.5;2;9789919624;S
20240307;101833;584.45;28;9789919625;S
20240307;101833;584.45;20;9789919626;S
20240307;101835;584.45;30;9789919785;S
20240307;101835;584.45;14;9789919786;S
20240307;101835;584.4;59;9789919787;S
20240307;101835;584.4;3;9789919788;S
20240307;101835;584.4;1;9789919789;S
20240307;101835;584.4;8;9789919790;S
20240307;101835;584.4;513;9789919791;S
20240307;101835;584.4;28;9789919792;S
20240307;101838;584.4;2;9789920091;B
20240307;101842;584.4;2;9789920503;B
20240307;101842;584.35;50;9789920633;S
20240307;101844;584.35;1;9789920827;S
20240307;101845;584.35;45;9789920860;S
20240307;101847;584.4;1;9789921187;B
20240307;101847;584.4;1;9789921227;B
20240307;101848;584.35;184;9789921298;S
20240307;101848;584.35;1;9789921308;S
20240307;101851;584.35;2;9789921690;S
20240307;101852;584.35;50;9789921743;S
20240307;101852;584.4;5;9789921791;B
20240307;101853;584.4;50;9789921823;B
20240307;101853;584.4;4;9789921825;B
20240307;101853;584.35;2;9789921865;S
20240307;101853;584.4;3;9789921870;B
20240307;101854;584.35;160;9789921930;S
20240307;101855;584.35;105;9789922031;S
20240307;101855;584.35;50;9789922032;S
20240307;101855;584.35;45;9789922033;S
20240307;101855;584.35;4;9789922034;S
20240307;101859;584.35;1;9789922460;S
20240307;101900;584.35;2;9789922533;S
20240307;101905;584.4;4;9789923073;B
20240307;101906;584.4;14;9789923179;B
20240307;101906;584.4;1;9789923275;B
20240307;101907;584.4;2;9789923391;B
20240307;101907;584.4;1;9789923403;B
20240307;101909;584.4;4;9789923584;B
20240307;101911;584.45;2;9789923797;B
20240307;101914;584.45;4;9789924220;B
20240307;101914;584.5;1;9789924221;B
20240307;101923;584.5;39;9789926059;B
20240307;101930;584.45;50;9789926846;S
20240307;101930;584.45;395;9789926847;S
20240307;101933;584.65;8;9789927414;B
20240307;101936;584.5;1;9789927683;S
20240307;101937;584.5;1;9789927792;B
20240307;101937;584.65;6;9789927793;B
20240307;101937;584.7;6;9789927794;B
20240307;101944;584.65;2;9789928387;B
20240307;101949;584.65;2;9789928928;B
20240307;101955;584.65;6;9789929421;B
20240307;102000;584.7;8;9789929909;B
20240307;102001;584.65;1;9789930208;S
20240307;102001;584.65;2;9789930209;S
20240307;102001;584.6;5;9789930210;S
20240307;102003;584.7;9;9789930880;B
20240307;102003;584.7;1;9789930881;B
20240307;102003;584.7;2;9789930882;B
20240307;102003;584.7;11;9789930883;B
20240307;102003;584.7;2;9789930884;B
20240307;102021;584.7;6;9789934022;B
20240307;102021;584.65;2;9789934863;S
20240307;102021;584.6;2;9789934864;S
20240307;102021;584.55;2;9789934865;S
20240307;102021;584.55;5;9789934866;S
20240307;102021;584.5;136;9789934867;S
20240307;102021;584.5;1;9789934868;S
20240307;102021;584.45;52;9789934869;S
20240307;102023;584.65;1;9789935415;B
20240307;102029;584.65;4;9789937078;B
20240307;102029;584.65;16;9789937605;B
20240307;102030;584.65;2;9789937878;B
20240307;102031;584.5;2;9789937979;S
20240307;102031;584.45;1;9789937980;S
20240307;102031;584.45;5;9789937981;S
20240307;102031;584.45;1;9789937982;S
20240307;102031;584.45;1;9789937983;S
20240307;102031;584.45;5;9789937987;B
20240307;102031;584.45;1;9789937988;B
20240307;102031;584.45;5;9789937991;B
20240307;102031;584.45;1;9789937992;B
20240307;102031;584.45;5;9789937999;B
20240307;102031;584.45;1;9789938000;B
20240307;102031;584.45;5;9789938014;B
