<DATE>;<TIME>;<LAST>;<VOL>;<ID>;<OPER>
20240301;095958;578.05;2;9730664779;B
20240301;095958;578.05;1;9730664780;B
20240301;095958;578.05;64;9730664781;B
20240301;095958;578.05;4;9730664782;B
20240301;095958;578.05;14;9730664783;S
20240301;095958;578.05;1;9730664784;S
20240301;095958;578.05;1;9730664785;S
20240301;095958;578.05;4;9730664786;S
20240301;095958;578.05;12;9730664787;S
20240301;095958;578.05;1;9730664788;S
20240301;095958;578.05;10;9730664789;S
20240301;095958;578.05;12;9730664790;S
20240301;095958;578.05;1;9730664791;S
20240301;095958;578.05;100;9730664792;S
20240301;095958;578.05;1;9730664793;B
20240301;095958;578.05;3;9730664794;B
20240301;095958;578.05;143;9730664795;B
20240301;095958;578.05;9;9730664796;B
20240301;095958;578.05;1;9730664797;B
20240301;095958;578.05;1;9730664798;B
20240301;095958;578.05;3;9730664799;B
20240301;095958;578.05;200;9730664800;B
20240301;095958;578.05;8;9730664801;B
20240301;095958;578.05;1;9730664802;B
20240301;095958;578.05;9;9730664803;B
20240301;095958;578.05;2;9730664804;B
20240301;095958;578.05;1;9730664805;B
20240301;095958;578.05;2;9730664806;B
20240301;095958;578.05;3;9730664807;B
20240301;095958;578.05;1;9730664808;B
20240301;095958;578.05;3;9730664809;B
20240301;095958;578.05;31;9730664810;B
20240301;095958;578.05;3;9730664811;S
20240301;095958;578.05;1;9730664812;B
20240301;095958;578.05;33;9730664813;B
20240301;095958;578.05;1;9730664814;B
20240301;095958;578.05;20;9730664815;B
20240301;095958;578.05;4;9730664816;B
20240301;095958;578.05;11;9730664817;B
20240301;095958;578.05;1;9730664818;B
20240301;095958;578.05;8;9730664819;B
20240301;095958;578.05;1;9730664820;B
20240301;095958;578.05;1;9730664821;B
20240301;095958;578.05;1;9730664822;B
20240301;095958;578.05;1;9730664823;B
20240301;095958;578.05;3;9730664824;B
20240301;095958;578.05;1;9730664825;B
20240301;095958;578.05;2;9730664826;B
20240301;095958;578.05;2;9730664827;B
20240301;095958;578.05;8;9730664828;B
20240301;095958;578.05;2;9730664829;B
20240301;095958;578.05;1;9730664830;B
20240301;095958;578.05;2;9730664831;B
20240301;095958;578.05;2;9730664832;B
20240301;095958;578.05;1;9730664833;B
20240301;095958;578.05;1;9730664834;B
20240301;095958;578.05;2;9730664835;B
20240301;095958;578.05;1;9730664836;B
20240301;095958;578.05;2;9730664837;B
20240301;095958;578.05;2;9730664838;B
20240301;095958;578.05;1;9730664839;B
20240301;095958;578.05;1;9730664840;B
20240301;095958;578.05;466;9730664841;B
20240301;095958;578.05;1;9730664842;B
20240301;095958;578.05;10;9730664843;B
20240301;095958;578.05;100;9730664844;B
20240301;095958;578.05;250;9730664845;B
20240301;095958;578.05;5;9730664846;S
20240301;095958;578.05;5;9730664847;S
20240301;095958;578.05;1;9730664848;B
20240301;095958;578.05;13;9730664849;B
20240301;095958;578.05;22;9730664850;B
20240301;095958;578.05;1;9730664851;B
20240301;095958;578.05;1;9730664852;B
20240301;100000;578.1;1;9730665159;B
20240301;100000;578.2;1;9730665204;B
20240301;100000;578.35;1;9730665746;B
20240301;100000;578.6;1;9730665894;B
20240301;100000;578.6;1;9730665895;B
20240301;100000;578.6;15;9730665896;B
20240301;100000;578.75;100;9730666086;S
20240301;100000;578.8;100;9730666092;B
20240301;100000;578.9;3;9730666180;S
20240301;100000;578.95;4;9730666242;B
20240301;100000;579;5;9730666246;B
20240301;100000;579;5;9730666247;B
20240301;100000;579;1;9730666248;B
20240301;100000;579.3;100;9730666264;S
20240301;100000;579.3;432;9730666265;S
20240301;100000;579.3;100;9730666266;S
20240301;100000;579.3;100;9730666267;S
20240301;100000;579.3;100;9730666268;S
20240301;100000;579.3;100;9730666269;S
20240301;100000;579.3;100;9730666270;S
20240301;100000;579.3;100;9730666271;S
20240301;100000;579.3;100;9730666272;S
20240301;100000;579.3;100;9730666274;S
20240301;100000;579.3;100;9730666275;S
20240301;100000;579.3;100;9730666276;S
20240301;100000;579.3;100;9730666277;S
20240301;100000;579.3;100;9730666278;S
20240301;100001;579.25;173;9730666358;S
20240301;100001;579.2;97;9730666379;S
20240301;100001;578.25;432;9730666515;S
20240301;100001;578.2;9;9730666516;S
20240301;100001;578.1;779;9730666517;S
20240301;100001;578.1;430;9730666518;S
20240301;100001;579;8;9730666739;B
20240301;100001;579.35;52;9730666740;B
20240301;100001;579.35;32;9730666741;B
20240301;100001;579.4;2;9730666742;B
20240301;100001;579.4;6;9730666743;B
20240301;100002;579;15;9730667762;S
20240301;100002;578.95;8;9730667763;S
20240301;100002;578.8;50;9730667789;B
20240301;100002;578.25;85;9730667792;S
20240301;100002;578.25;300;9730667793;S
20240301;100002;578.25;46;9730667794;S
20240301;100002;578.2;142;9730667805;B
20240301;100002;578.25;54;9730667806;B
20240301;100002;578.3;100;9730667818;B
20240301;100002;578.35;5;9730667945;S
20240301;100005;578.95;1;9730669851;B
20240301;100005;578.95;1;9730669865;B
20240301;100005;578.4;1;9730669869;S
20240301;100005;578.45;2;9730669871;S
20240301;100005;578.95;1;9730669874;B
20240301;100005;578.95;2;9730669875;B
20240301;100005;578.95;1;9730669876;B
20240301;100005;578.95;2;9730669877;B
20240301;100005;578.95;1;9730669878;B
20240301;100005;578.5;1;9730669879;S
20240301;100006;578.95;3;9730670271;B
20240301;100006;578.95;7;9730670272;B
20240301;100006;578.45;2;9730670277;S
20240301;100006;578.45;1;9730670278;S
20240301;100006;578.5;14;9730670279;S
20240301;100006;578.5;2;9730670283;S
20240301;100006;578.95;1;9730670284;B
20240301;100006;578.5;1;9730670285;S
20240301;100006;578.5;77;9730670503;S
20240301;100006;578.5;23;9730670504;S
20240301;100006;578.95;1;9730670588;B
20240301;100006;578.95;1;9730670590;B
20240301;100006;578.95;1;9730670593;B
20240301;100006;578.95;2;9730670595;B
20240301;100006;578.95;1;9730670596;B
20240301;100006;578.95;3;9730670597;B
20240301;100006;578.35;2;9730670598;S
20240301;100006;578.35;2;9730670599;S
20240301;100006;578.95;1;9730670631;B
20240301;100006;578.35;2;9730670636;S
20240301;100006;578.95;1;9730670639;B
20240301;100006;578.95;1;9730670641;B
20240301;100006;578.95;1;9730670650;B
20240301;100006;578.95;2;9730670652;B
20240301;100006;578.35;37;9730670653;S
20240301;100006;578.35;1;9730671114;S
20240301;100006;579.2;1;9730671119;B
20240301;100006;578.4;1;9730671127;S
20240301;100006;578.3;1;9730671128;S
20240301;100006;578.3;3;9730671131;S
20240301;100006;578.3;2;9730671132;S
20240301;100006;578.3;2;9730671135;S
20240301;100006;578.3;2;9730671136;S
20240301;100006;578.35;1;9730671139;S
20240301;100006;579;1;9730671140;B
20240301;100006;578.35;1;9730671142;S
20240301;100006;578.35;1;9730671146;S
20240301;100006;579.15;2;9730671147;B
20240301;100006;578.95;1;9730671149;B
20240301;100006;578.95;4;9730671156;B
20240301;100006;578.95;2;9730671157;B
20240301;100006;578.4;2;9730671158;S
20240301;100006;578.3;3;9730671159;S
20240301;100006;578.9;10;9730671160;B
20240301;100006;578.9;1;9730671161;B
20240301;100006;578.4;1;9730671171;S
20240301;100006;578.4;1;9730671175;S
20240301;100006;579.15;3;9730671178;B
20240301;100006;579.15;1;9730671180;B
20240301;100006;579.15;1;9730671184;B
20240301;100006;578.95;1;9730671437;B
20240301;100006;578.95;2;9730671438;B
20240301;100006;578.95;1;9730671439;B
20240301;100006;578.95;1;9730671440;B
20240301;100006;578.95;2;9730671441;B
20240301;100006;578.95;2;9730671442;B
20240301;100006;578.45;2;9730671520;S
20240301;100006;578.9;1;9730671559;B
20240301;100006;578.4;10;9730671562;S
20240301;100006;578.4;2;9730671564;S
20240301;100006;578.9;2;9730671568;B
20240301;100006;578.9;1;9730671579;B
20240301;100006;578.4;2;9730671586;S
20240301;100006;578.9;2;9730671724;B
20240301;100006;578.9;1;9730671749;B
20240301;100006;578.9;8;9730671759;B
20240301;100007;578.4;2;9730671761;S
20240301;100007;578.4;2;9730671762;S
20240301;100007;578.9;2;9730671799;B
20240301;100007;578.4;2;9730671801;S
20240301;100007;578.4;9;9730671803;S
20240301;100007;578.9;2;9730671959;B
20240301;100007;578.4;2;9730671960;S
20240301;100007;578.9;2;9730671962;B
20240301;100007;578.9;2;9730671965;B
20240301;100007;578.9;2;9730672392;B
20240301;100007;578.9;1;9730672393;B
20240301;100007;578.4;2;9730672396;S
20240301;100007;578.4;2;9730672398;S
20240301;100007;578.4;1;9730672399;S
20240301;100007;578.9;2;9730672404;B
20240301;100007;578.4;2;9730672406;S
20240301;100007;578.4;2;9730672407;S
20240301;100007;578.9;3;9730672408;B
20240301;100007;578.9;10;9730672555;B
20240301;100007;578.9;1;9730672556;B
20240301;100007;578.9;1;9730672557;B
20240301;100007;578.9;10;9730672558;B
20240301;100007;578.9;1;9730672559;B
20240301;100007;578.45;2;9730672560;S
20240301;100007;578.9;1;9730672588;B
20240301;100007;578.45;2;9730672638;S
20240301;100007;578.9;1;9730672640;B
20240301;100008;578.45;2;9730672711;S
20240301;100008;578.45;2;9730672713;S
20240301;100008;578.9;1;9730672853;B
20240301;100008;578.5;1;9730672856;S
20240301;100008;578.9;3;9730672859;B
20240301;100008;578.5;1;9730672863;S
20240301;100008;578.9;1;9730672864;B
20240301;100008;579;1;9730672865;B
20240301;100008;579;1;9730672867;B
20240301;100008;578.5;2;9730672870;S
20240301;100008;578.5;1;9730673052;S
20240301;100008;579.05;1;9730673053;B
20240301;100008;579.05;10;9730673054;B
20240301;100008;579.05;37;9730673055;B
20240301;100008;579.05;1;9730673056;B
20240301;100008;578.5;1;9730673057;S
20240301;100008;579.05;2;9730673062;B
20240301;100008;579.05;1;9730673065;B
20240301;100008;578.5;2;9730673067;S
20240301;100008;579.05;1;9730673068;B
20240301;100008;579.05;1;9730673172;B
20240301;100008;579.05;1;9730673174;B
20240301;100008;578.5;2;9730673175;S
20240301;100008;578.5;2;9730673178;S
20240301;100008;578.5;2;9730673453;S
20240301;100008;578.5;2;9730673455;S
20240301;100008;579.05;1;9730673457;B
20240301;100008;579.05;1;9730673458;B
20240301;100008;578.5;1;9730673459;S
20240301;100008;579.05;2;9730673460;B
20240301;100008;579.05;10;9730673462;B
20240301;100008;578.5;2;9730673464;S
20240301;100008;579.05;1;9730673465;B
20240301;100008;578.5;1;9730673467;S
20240301;100008;578.5;2;9730673472;S
20240301;100008;579.05;2;9730673475;B
20240301;100008;578.5;2;9730673482;S
20240301;100008;579.05;1;9730673663;B
20240301;100008;578.5;1;9730673664;S
20240301;100008;579.05;1;9730673666;B
20240301;100008;578.5;2;9730673667;S
20240301;100008;579.05;34;9730673668;B
20240301;100008;579.05;1;9730673669;B
20240301;100008;579.05;1;9730673670;B
20240301;100008;579.05;2;9730673672;B
20240301;100008;579.05;2;9730673673;B
20240301;100008;578.5;2;9730673675;S
20240301;100008;579.05;4;9730673676;B
20240301;100009;579.05;2;9730673868;B
20240301;100009;579.05;1;9730673869;B
20240301;100009;578.4;2;9730673870;S
20240301;100009;579.05;2;9730673871;B
20240301;100009;579.05;1;9730673907;B
20240301;100009;579.05;6;9730674164;B
20240301;100009;579.05;1;9730674166;B
20240301;100009;579.05;2;9730674167;B
20240301;100009;579.05;1;9730674168;B
20240301;100009;578.45;2;9730674169;S
20240301;100009;579.05;2;9730674170;B
20240301;100009;579.05;2;9730674171;B
20240301;100010;578.45;1;9730674364;S
20240301;100010;578.45;8;9730674377;S
20240301;100010;579;51;9730674713;B
20240301;100014;579.05;3;9730675985;B
20240301;100015;579;50;9730676253;B
20240301;100016;578.45;1;9730676683;S
20240301;100016;578.4;1;9730676684;S
20240301;100017;578.95;3;9730676867;B
20240301;100018;578.9;4;9730677202;B
20240301;100018;578.45;1;9730677274;S
20240301;100019;578.9;1;9730677383;B
20240301;100020;578.9;1;9730677680;B
20240301;100022;578.55;1;9730678424;S
20240301;100023;578.9;19;9730678809;B
20240301;100025;579;1;9730679186;B
20240301;100025;579;1;9730679355;B
20240301;100030;579.15;18;9730680763;B
20240301;100035;579.05;1;9730681749;B
20240301;100039;579.05;1;9730682604;S
20240301;100040;579.15;2;9730682960;S
20240301;100040;579.15;98;9730682961;S
20240301;100041;579.15;1;9730683080;B
20240301;100041;579.05;41;9730683103;S
20240301;100041;579.15;5;9730683140;B
20240301;100044;579.05;96;9730683872;S
20240301;100044;579;94;9730683873;S
20240301;100044;579.05;3;9730684105;S
20240301;100047;579.05;5;9730684659;S
20240301;100048;579.1;1;9730684809;B
20240301;100048;579.05;1;9730684868;S
20240301;100050;579.05;5;9730685183;B
20240301;100051;579.05;1;9730685367;B
20240301;100051;579.05;5;9730685457;B
20240301;100052;579.05;15;9730685666;B
20240301;100053;579.05;10;9730685877;B
20240301;100054;579.05;1;9730686025;B
20240301;100055;579.2;34;9730686471;B
20240301;100055;579.25;8;9730686472;B
20240301;100056;579.1;4;9730686585;S
20240301;100056;579.1;6;9730686586;S
20240301;100056;579.25;1;9730686593;B
20240301;100057;579.25;100;9730686677;B
20240301;100057;579.25;137;9730686800;B
20240301;100057;579.25;1;9730686893;B
20240301;100057;579.05;3;9730686924;S
20240301;100058;579.25;114;9730686957;B
20240301;100058;579.25;3;9730686964;B
20240301;100058;579.25;1;9730686967;B
20240301;100058;579.05;100;9730687176;S
20240301;100100;579.05;1;9730687593;S
20240301;100101;579.25;1;9730687683;B
20240301;100106;579.1;28;9730688731;B
20240301;100106;579.05;2;9730688794;S
20240301;100107;579.05;1;9730688812;S
20240301;100108;579.1;1;9730688991;B
20240301;100108;579.1;51;9730689025;B
20240301;100108;579.05;1;9730689032;S
20240301;100109;579.05;9;9730689118;S
20240301;100110;579.1;115;9730689236;B
20240301;100110;579.05;1;9730689262;S
20240301;100111;579.05;9;9730689470;S
20240301;100111;579.05;1;9730689568;S
20240301;100111;579.05;1;9730689569;S
20240301;100112;579.05;9;9730689654;S
20240301;100112;579;62;9730689655;S
20240301;100114;579;2;9730690149;S
20240301;100115;579;100;9730690288;S
20240301;100116;579.05;2;9730690339;B
20240301;100117;579.05;10;9730690604;B
20240301;100118;579;12;9730690935;S
20240301;100119;579;7;9730691087;S
20240301;100120;579.05;1;9730691219;B
20240301;100122;579.05;8;9730691742;B
20240301;100123;579.05;91;9730692042;B
20240301;100123;579.05;209;9730692043;B
20240301;100125;579;1;9730692222;S
20240301;100126;579.05;1;9730692529;B
20240301;100127;579.05;4;9730692675;B
20240301;100127;579.05;2;9730692751;B
20240301;100127;579.05;1;9730692789;B
20240301;100129;579;3;9730693194;S
20240301;100129;579.05;2;9730693230;B
20240301;100130;579.05;1;9730693287;B
20240301;100130;579;100;9730693303;S
20240301;100130;579.05;1;9730693325;B
20240301;100131;579.05;10;9730693487;B
20240301;100133;579;10;9730693823;S
20240301;100133;579;4;9730693830;S
20240301;100135;579;1;9730694201;S
20240301;100136;579.05;1;9730694289;B
20240301;100136;579.05;70;9730694314;B
20240301;100136;579.05;1;9730694393;B
20240301;100136;579.05;1;9730694459;B
20240301;100138;579;50;9730694794;S
20240301;100139;579.05;10;9730694857;B
20240301;100139;579.05;2;9730694897;B
20240301;100140;579.05;1;9730695112;B
20240301;100140;579.05;3;9730695232;B
20240301;100140;579.05;1;9730695260;B
20240301;100141;579.05;1;9730695344;B
20240301;100143;579.05;3;9730695789;B
20240301;100144;579.05;2;9730695860;B
20240301;100144;579.05;10;9730695914;B
20240301;100145;579.05;1;9730696028;B
20240301;100145;579.05;25;9730696147;B
20240301;100145;579;1;9730696180;S
20240301;100145;579.05;1;9730696193;B
20240301;100146;579;1;9730696228;S
20240301;100146;579;10;9730696264;S
20240301;100146;579.05;1;9730696292;B
20240301;100148;579;542;9730696628;S
20240301;100148;579;138;9730696629;S
20240301;100148;579;40;9730696630;S
20240301;100148;579;1;9730696631;S
20240301;100148;579;3;9730696632;S
20240301;100148;579;1;9730696633;S
20240301;100149;578.95;1;9730696717;S
20240301;100149;578.95;33;9730696718;S
20240301;100149;579;1;9730696806;B
20240301;100152;579;12;9730697419;B
20240301;100153;578.95;1;9730697660;S
20240301;100153;578.8;9;9730697721;B
20240301;100154;578.7;1;9730697811;S
20240301;100155;578.7;7;9730698135;S
20240301;100156;578.7;3;9730698137;S
20240301;100157;578.8;8;9730698414;B
20240301;100159;578.8;1;9730698578;B
20240301;100159;578.8;5;9730698589;B
20240301;100159;578.8;1;9730698686;B
20240301;100159;578.75;4;9730698718;S
20240301;100200;578.8;76;9730698810;B
20240301;100200;578.8;24;9730698811;B
20240301;100201;578.8;7;9730698976;S
20240301;100201;578.85;2;9730699030;B
20240301;100202;578.85;1;9730699150;B
20240301;100202;578.8;100;9730699163;S
20240301;100204;578.8;5;9730699564;S
20240301;100204;578.85;1;9730699726;B
20240301;100205;578.85;10;9730699776;B
20240301;100205;578.85;1;9730699805;B
20240301;100207;578.85;1;9730700115;B
20240301;100209;578.85;1;9730700691;B
20240301;100210;578.85;2;9730700765;B
20240301;100210;578.8;2;9730700780;S
20240301;100210;578.8;1;9730700855;S
20240301;100211;578.8;8;9730701107;S
20240301;100212;578.85;1;9730701182;B
20240301;100213;578.85;2;9730701306;B
20240301;100214;578.8;15;9730701608;S
20240301;100214;578.8;344;9730701609;S
20240301;100214;578.8;58;9730701610;S
20240301;100216;578.85;1;9730701804;B
20240301;100216;578.8;18;9730701948;S
20240301;100216;578.8;138;9730701949;S
20240301;100216;578.8;172;9730701950;S
20240301;100220;578.75;1;9730702751;S
20240301;100221;578.8;30;9730702860;B
20240301;100221;578.8;2;9730702861;B
20240301;100222;578.8;12;9730703052;S
20240301;100222;578.85;1;9730703057;B
20240301;100222;578.85;2;9730703076;B
20240301;100222;578.85;1;9730703099;B
20240301;100223;578.85;3;9730703210;B
20240301;100224;578.85;3;9730703444;B
20240301;100226;578.8;41;9730703791;S
20240301;100226;578.85;16;9730703805;B
20240301;100227;578.8;3;9730703885;S
20240301;100227;578.8;5;9730703916;S
20240301;100227;578.85;1;9730703919;B
20240301;100227;578.8;3;9730703945;S
20240301;100228;578.8;10;9730704076;S
20240301;100228;578.85;9;9730704211;B
20240301;100229;578.95;3;9730704336;B
20240301;100230;578.95;517;9730704602;B
20240301;100230;579;262;9730704603;B
20240301;100230;579;1;9730704604;B
20240301;100230;579;10;9730704605;B
20240301;100230;579;30;9730704606;B
20240301;100230;579.05;535;9730704607;B
20240301;100230;579.05;1;9730704608;B
20240301;100230;579.05;16;9730704609;B
20240301;100230;579.1;33;9730704610;B
20240301;100230;579.1;1095;9730704611;B
20240301;100232;579.1;1;9730705052;S
20240301;100232;579.1;1;9730705062;S
20240301;100232;579.1;2;9730705063;S
20240301;100234;579.15;1;9730705317;B
20240301;100238;579.25;4;9730706292;B
20240301;100238;579.4;10;9730706293;B
20240301;100238;579.4;5;9730706294;B
20240301;100241;579.25;3;9730706796;B
20240301;100241;579.25;1;9730706978;B
20240301;100243;579.25;8;9730707202;B
20240301;100243;579.4;12;9730707203;B
20240301;100243;579.45;1;9730707204;B
20240301;100243;579.45;100;9730707205;B
20240301;100243;579.45;30;9730707206;B
20240301;100243;579.45;349;9730707207;B
20240301;100243;579.1;6;9730707302;S
20240301;100245;579.4;1;9730707824;B
20240301;100245;579.4;5;9730707868;B
20240301;100245;579.5;1;9730707869;B
20240301;100245;579.5;14;9730707870;B
20240301;100246;579.5;50;9730708035;B
20240301;100248;579.5;5;9730708417;B
20240301;100249;579.45;1;9730708618;B
20240301;100250;579.45;5;9730708737;B
20240301;100250;579.4;6;9730708752;S
20240301;100250;579.4;94;9730708753;S
20240301;100250;579.4;56;9730708756;S
20240301;100251;579.4;1;9730708982;B
20240301;100252;579.4;43;9730709033;B
20240301;100252;579.4;100;9730709034;B
20240301;100252;579.4;431;9730709035;B
20240301;100252;579.45;26;9730709036;B
20240301;100253;579.5;1;9730709181;B
20240301;100254;579.4;30;9730709463;B
20240301;100255;579.4;1;9730709685;B
20240301;100257;579.4;29;9730709990;B
20240301;100257;579.5;130;9730709991;B
20240301;100257;579.5;1;9730709992;B
20240301;100257;579.5;190;9730709993;B
20240301;100301;579.45;13;9730710666;B
20240301;100301;579.45;5;9730710847;B
20240301;100308;579.4;1;9730711985;S
20240301;100308;579.45;2;9730712076;B
20240301;100309;579.4;1;9730712244;S
20240301;100309;579.45;86;9730712278;B
20240301;100310;579.45;1;9730712465;B
20240301;100310;579.45;50;9730712476;B
20240301;100310;579.4;1;9730712490;S
20240301;100310;579.45;40;9730712509;B
20240301;100312;579.4;1;9730712845;S
20240301;100312;579.45;9;9730712897;B
20240301;100312;579.45;96;9730712954;B
20240301;100312;579.4;2;9730712997;S
20240301;100316;579.45;50;9730713456;B
20240301;100316;579.4;3;9730713458;S
20240301;100318;579.4;15;9730713816;S
20240301;100319;579.4;100;9730713884;S
20240301;100319;579.45;9;9730713929;B
20240301;100319;579.45;1;9730713938;B
20240301;100319;579.4;4;9730714055;S
20240301;100320;579.45;100;9730714187;B
20240301;100320;579.45;93;9730714260;B
20240301;100321;579.4;25;9730714371;S
20240301;100321;579.4;5;9730714372;S
20240301;100321;579.4;6;9730714508;S
20240301;100322;579.4;10;9730714640;S
20240301;100323;579.4;3;9730714786;S
20240301;100323;579.45;20;9730714788;B
20240301;100324;579.4;1;9730714947;S
20240301;100325;579.45;2;9730715047;B
20240301;100326;579.45;1;9730715181;B
20240301;100327;579.45;12;9730715323;B
20240301;100327;579.45;1;9730715412;B
20240301;100328;579.4;25;9730715450;S
20240301;100328;579.4;75;9730715451;S
20240301;100330;579.45;1;9730715882;B
20240301;100332;579.45;20;9730716181;B
20240301;100332;579.45;3;9730716191;B
20240301;100332;579.4;40;9730716212;S
20240301;100332;579.4;60;9730716213;S
20240301;100335;579.45;23;9730716585;B
20240301;100335;579.45;37;9730716702;B
20240301;100335;579.45;1;9730716703;B
20240301;100335;579.5;62;9730716704;B
20240301;100338;579.5;6;9730716972;B
20240301;100338;579.5;1;9730716980;B
20240301;100339;579.45;10;9730717081;S
20240301;100339;579.5;4;9730717159;B
20240301;100340;579.5;400;9730717218;B
20240301;100340;579.5;1;9730717236;B
20240301;100340;579.45;9;9730717243;S
20240301;100342;579.5;1;9730717643;B
20240301;100342;579.5;150;9730717651;B
20240301;100342;579.5;1;9730717654;B
20240301;100343;579.5;100;9730717798;B
20240301;100346;579.45;1;9730718203;S
20240301;100346;579.5;17;9730718211;B
20240301;100349;579.5;6;9730718555;B
20240301;100350;579.5;6;9730718695;B
20240301;100351;579.5;10;9730718919;B
20240301;100352;579.45;7;9730719098;S
20240301;100352;579.45;150;9730719099;S
20240301;100352;579.45;43;9730719100;S
20240301;100353;579.5;8;9730719277;B
20240301;100354;579.5;5;9730719351;B
20240301;100354;579.5;2;9730719517;B
20240301;100355;579.5;20;9730719716;B
20240301;100357;579.5;5;9730720033;B
20240301;100358;579.5;505;9730720063;B
20240301;100358;579.5;2;9730720064;B
20240301;100358;579.5;1;9730720065;B
20240301;100358;579.5;92;9730720066;B
20240301;100358;579.5;158;9730720071;B
20240301;100358;579.5;2;9730720072;B
20240301;100358;579.5;3140;9730720073;B
20240301;100358;579.45;7;9730720092;S
20240301;100358;579.4;1;9730720093;S
20240301;100358;579.35;4;9730720094;S
20240301;100400;579.45;138;9730720345;B
20240301;100400;579.45;162;9730720346;B
20240301;100400;579.45;2;9730720439;B
20240301;100400;579.45;2;9730720440;B
20240301;100407;579.45;2;9730721388;B
20240301;100411;579.45;1;9730722256;B
20240301;100411;579.3;1;9730722293;S
20240301;100412;579.45;10;9730722475;B
20240301;100413;579.45;10;9730722723;B
20240301;100415;579.45;1;9730722982;B
20240301;100415;579.45;1;9730723059;B
20240301;100415;579.45;1;9730723060;B
20240301;100419;579.45;5;9730723675;B
20240301;100420;579.3;27;9730723842;S
20240301;100420;579.3;50;9730723843;S
20240301;100420;579.3;30;9730723844;S
20240301;100420;579.3;93;9730723845;S
20240301;100423;579.45;9;9730724441;B
20240301;100425;579.45;2;9730724625;B
20240301;100425;579.4;1;9730724707;S
20240301;100426;579.45;15;9730724764;B
20240301;100426;579.4;1;9730724765;S
20240301;100426;579.4;1;9730724795;S
20240301;100426;579.4;28;9730724796;S
20240301;100426;579.4;1;9730724806;S
20240301;100436;579.35;5;9730726521;B
20240301;100436;579.35;5;9730726577;S
20240301;100437;579.4;1;9730726731;B
20240301;100442;579.45;4;9730727590;B
20240301;100444;579.4;3;9730727846;S
20240301;100444;579.45;2;9730727879;B
20240301;100445;579.45;2;9730728009;B
20240301;100446;579.4;4;9730728132;S
20240301;100446;579.4;2;9730728204;S
20240301;100446;579.4;150;9730728205;S
20240301;100447;579.35;1;9730728331;B
20240301;100448;579.35;5;9730728418;B
20240301;100448;579.35;1;9730728427;B
20240301;100448;579.35;11;9730728446;B
20240301;100448;579.35;500;9730728457;B
20240301;100452;579.4;3;9730729093;B
20240301;100456;579.35;1;9730729723;B
20240301;100457;579.3;1;9730729887;S
20240301;100457;579.35;33;9730729926;B
20240301;100458;579.3;1;9730729999;S
20240301;100458;579.35;3;9730730005;B
20240301;100458;579.35;79;9730730087;B
20240301;100505;579.3;1;9730731046;S
20240301;100506;579.35;404;9730731231;B
20240301;100506;579.35;30;9730731232;B
20240301;100506;579.35;27;9730731233;B
20240301;100506;579.4;316;9730731234;B
20240301;100507;579.3;2;9730731277;B
20240301;100507;579.4;38;9730731278;B
20240301;100508;579.35;8;9730731537;B
20240301;100509;579.35;100;9730731686;B
20240301;100509;579.35;8;9730731702;B
20240301;100509;579.35;99;9730731743;B
20240301;100511;579.2;2;9730732113;S
20240301;100512;579.3;30;9730732382;B
20240301;100512;579.35;30;9730732383;B
20240301;100512;579.35;32;9730732384;B
20240301;100512;579.4;132;9730732385;B
20240301;100515;579.4;1;9730732855;B
20240301;100515;579.4;20;9730732884;B
20240301;100516;579.4;120;9730733159;B
20240301;100519;579.4;50;9730733604;B
20240301;100519;579.4;15;9730733708;B
20240301;100522;579.4;1;9730734334;B
20240301;100522;579.4;1;9730734468;B
20240301;100523;579.4;5;9730734640;B
20240301;100524;579.4;1;9730734704;B
20240301;100524;579.4;17;9730734749;B
20240301;100524;579.4;2;9730734776;B
20240301;100524;579.4;1;9730734790;B
20240301;100525;579.4;1;9730735043;B
20240301;100527;579.4;18;9730735443;B
20240301;100527;579.4;10;9730735447;B
20240301;100529;579.4;10;9730735802;B
20240301;100529;579.4;86;9730735882;B
20240301;100529;579.4;25;9730735883;B
20240301;100529;579.4;30;9730735884;B
20240301;100529;579.4;10;9730735885;B
20240301;100529;579.4;138;9730735886;B
20240301;100529;579.4;62;9730735893;S
20240301;100529;579.45;1;9730735936;B
20240301;100529;579.45;150;9730735944;B
20240301;100529;579.45;4;9730735958;B
20240301;100529;579.4;19;9730735964;S
20240301;100532;579.45;5;9730736491;B
20240301;100532;579.45;230;9730736492;B
20240301;100532;579.45;1;9730736493;B
20240301;100532;579.45;2;9730736494;B
20240301;100532;579.45;193;9730736495;B
20240301;100533;579.45;25;9730736636;B
20240301;100533;579.4;330;9730736644;S
20240301;100533;579.4;1;9730736645;S
20240301;100533;579.35;1;9730736646;S
20240301;100533;579.35;10;9730736647;S
20240301;100533;579.35;60;9730736648;S
20240301;100533;579.3;20;9730736650;S
20240301;100533;579.3;50;9730736651;S
20240301;100533;579.35;3;9730736706;B
20240301;100533;579.35;6;9730736761;B
20240301;100534;579.35;24;9730736833;B
20240301;100534;579.4;1;9730736834;B
20240301;100537;579.35;22;9730737577;B
20240301;100539;579.35;8;9730737937;B
20240301;100539;579.35;1;9730737938;B
20240301;100539;579.35;32;9730737939;B
20240301;100539;579.35;109;9730737940;B
20240301;100540;579.3;1;9730738055;S
20240301;100542;579.2;4;9730738392;S
20240301;100542;579.15;3;9730738463;S
20240301;100542;579.2;1;9730738498;B
20240301;100545;579.25;1;9730738873;B
20240301;100548;579.2;4;9730739325;B
20240301;100549;579.25;29;9730739434;B
20240301;100549;579.3;32;9730739435;B
20240301;100549;579.35;29;9730739436;B
20240301;100549;579.35;10;9730739437;B
20240301;100550;579.3;3;9730739561;B
20240301;100552;579.2;1;9730739934;B
20240301;100553;579.15;7;9730740002;S
20240301;100553;579.15;2;9730740003;S
20240301;100553;579.15;50;9730740004;S
20240301;100553;579.1;15;9730740005;S
20240301;100553;579.2;1;9730740104;B
20240301;100554;579.1;1;9730740135;S
20240301;100554;579.2;1;9730740160;B
20240301;100558;579.05;2;9730740780;S
20240301;100559;579.15;13;9730741024;B
20240301;100600;579.2;1;9730741244;B
20240301;100601;579.15;18;9730741435;S
20240301;100601;579.15;6;9730741447;S
20240301;100601;579.2;1;9730741493;B
20240301;100602;579.15;3;9730741618;S
20240301;100602;579.15;50;9730741620;S
20240301;100602;579.2;3;9730741663;B
20240301;100604;579.15;100;9730741935;S
20240301;100606;579.2;1;9730742548;B
20240301;100606;579.2;6;9730742563;B
20240301;100606;579.15;2;9730742611;S
20240301;100607;579.2;2;9730742829;B
20240301;100607;579.15;1;9730742920;S
20240301;100608;579.15;1;9730742946;S
20240301;100608;579.15;1;9730742947;S
20240301;100608;579.15;3;9730743018;S
20240301;100608;579.15;1;9730743020;S
20240301;100608;579.15;1;9730743075;S
20240301;100608;579.1;5;9730743076;S
20240301;100608;579;10;9730743077;S
20240301;100608;579;2;9730743078;S
20240301;100608;579;9;9730743079;S
20240301;100608;579.15;31;9730743108;B
20240301;100608;579.15;2;9730743109;B
20240301;100608;579.2;33;9730743110;B
20240301;100608;579.2;40;9730743111;B
20240301;100608;579.25;30;9730743112;B
20240301;100608;579.3;126;9730743113;B
20240301;100608;579.05;20;9730743183;S
20240301;100611;579.25;1;9730743686;B
20240301;100611;579.25;7;9730743743;B
20240301;100612;579;1;9730743770;S
20240301;100612;579;2;9730743771;S
20240301;100612;579;1;9730743772;S
20240301;100612;579;31;9730743773;S
20240301;100613;579.25;22;9730743940;B
20240301;100613;579.25;4;9730743941;B
20240301;100613;578.95;4;9730744052;S
20240301;100616;579;20;9730744605;B
20240301;100616;579;100;9730744646;B
20240301;100616;578.95;30;9730744676;S
20240301;100616;578.85;4;9730744712;S
20240301;100616;578.9;1;9730744780;B
20240301;100620;578.9;8;9730745356;B
20240301;100621;578.95;1;9730745462;B
20240301;100622;578.85;9;9730745849;S
20240301;100622;578.85;3;9730745850;S
20240301;100623;578.9;6;9730746009;B
20240301;100624;578.9;2;9730746289;B
20240301;100626;578.9;2;9730746613;B
20240301;100631;578.9;1;9730747594;B
20240301;100639;578.9;1;9730748937;B
20240301;100643;578.9;2;9730749551;B
20240301;100646;578.8;4;9730749943;S
20240301;100647;578.9;5;9730750227;B
20240301;100648;578.8;46;9730750267;S
20240301;100648;578.8;1;9730750268;S
20240301;100648;578.8;2;9730750269;S
20240301;100648;578.7;50;9730750339;S
20240301;100648;578.65;2;9730750367;S
20240301;100649;578.6;5;9730750429;S
20240301;100649;578.6;100;9730750430;S
20240301;100649;578.55;16;9730750431;S
20240301;100649;578.55;94;9730750432;S
20240301;100649;578.7;1;9730750453;B
20240301;100649;578.75;7;9730750454;B
20240301;100649;578.55;6;9730750499;S
20240301;100649;578.5;35;9730750500;S
20240301;100649;578.5;1;9730750501;S
20240301;100649;578.45;97;9730750502;S
20240301;100649;578.45;28;9730750515;S
20240301;100649;578.4;12;9730750516;S
20240301;100649;578.45;5;9730750534;S
20240301;100649;578.45;23;9730750559;S
20240301;100649;578.4;73;9730750560;S
20240301;100649;578.35;2;9730750561;S
20240301;100649;578.35;8;9730750562;S
20240301;100650;578.65;5;9730750626;B
20240301;100651;578.5;1;9730750754;S
20240301;100651;578.35;4;9730750755;S
20240301;100657;578.65;1;9730751598;B
20240301;100657;578.65;27;9730751750;B
20240301;100659;578.8;1;9730752004;B
20240301;100659;578.65;31;9730752028;S
20240301;100700;578.55;10;9730752218;S
20240301;100703;578.65;69;9730752743;B
20240301;100703;578.7;32;9730752744;B
20240301;100703;578.7;28;9730752745;B
20240301;100703;578.75;72;9730752746;B
20240301;100703;578.55;14;9730752793;S
20240301;100703;578.7;1;9730752902;B
20240301;100706;578.7;14;9730753291;B
20240301;100706;578.7;32;9730753292;B
20240301;100706;578.75;254;9730753293;B
20240301;100711;578.7;4;9730753986;B
20240301;100712;578.7;1;9730754121;B
20240301;100716;578.7;1;9730754690;B
20240301;100716;578.7;2;9730754752;B
20240301;100716;578.7;6;9730754765;B
20240301;100716;578.7;32;9730754766;B
20240301;100716;578.7;5;9730754767;B
20240301;100716;578.75;1;9730754768;B
20240301;100716;578.75;356;9730754769;B
20240301;100719;578.7;1;9730755169;S
20240301;100722;578.75;2;9730755616;B
20240301;100722;578.7;1;9730755635;S
20240301;100723;578.75;1;9730755824;B
20240301;100724;578.75;1;9730755984;B
20240301;100724;578.75;7;9730755995;B
20240301;100725;578.75;90;9730756097;B
20240301;100728;578.7;4;9730756711;S
20240301;100728;578.7;2;9730756712;S
20240301;100728;578.7;2;9730756713;S
20240301;100728;578.65;1;9730756735;S
20240301;100728;578.65;32;9730756736;S
20240301;100728;578.65;2;9730756737;S
20240301;100728;578.6;138;9730756738;S
20240301;100728;578.55;92;9730756739;S
20240301;100729;578.6;3;9730756957;B
20240301;100729;578.55;2;9730757040;S
20240301;100731;578.5;3;9730757208;S
20240301;100731;578.5;21;9730757209;S
20240301;100732;578.6;1;9730757393;B
20240301;100739;578.7;51;9730758550;B
20240301;100739;578.7;20;9730758652;B
20240301;100740;578.7;1;9730758948;B
20240301;100741;578.55;28;9730759014;S
20240301;100741;578.5;34;9730759015;S
20240301;100741;578.5;34;9730759016;S
20240301;100741;578.45;43;9730759017;S
20240301;100741;578.4;11;9730759018;S
20240301;100747;578.6;5;9730760206;B
20240301;100748;578.45;2;9730760316;S
20240301;100751;578.4;1;9730760955;S
20240301;100758;578.4;3;9730761985;B
20240301;100759;578.4;2;9730762207;B
20240301;100801;578.4;2;9730762407;B
20240301;100802;578.35;5;9730762591;S
20240301;100804;578.35;1;9730762935;S
20240301;100804;578.4;1;9730762960;B
20240301;100804;578.4;20;9730762981;B
20240301;100807;578.35;10;9730763354;S
20240301;100808;578.4;2;9730763635;B
20240301;100810;578.4;1;9730763983;S
20240301;100811;578.5;23;9730764035;B
20240301;100811;578.5;1;9730764036;B
20240301;100811;578.5;1;9730764037;B
20240301;100813;578.55;1;9730764377;B
20240301;100813;578.6;4;9730764378;B
20240301;100816;578.7;1;9730764858;B
20240301;100821;578.7;10;9730765644;B
20240301;100822;578.5;4;9730765768;S
20240301;100822;578.5;5;9730765769;S
20240301;100826;578.5;1;9730766322;S
20240301;100830;578.7;3;9730766710;B
20240301;100830;578.6;30;9730766822;S
20240301;100830;578.6;70;9730766823;S
20240301;100834;578.7;1;9730767496;B
20240301;100834;578.7;13;9730767602;B
20240301;100836;578.5;29;9730767869;S
20240301;100836;578.5;28;9730767870;S
20240301;100836;578.5;30;9730767871;S
20240301;100836;578.5;59;9730767872;S
20240301;100836;578.5;21;9730767873;S
20240301;100837;578.4;1;9730767951;S
20240301;100837;578.5;400;9730768012;B
20240301;100838;578.5;1;9730768160;B
20240301;100839;578.5;1;9730768589;B
20240301;100840;578.5;122;9730768815;B
20240301;100841;578.5;1;9730768871;B
20240301;100841;578.5;50;9730768935;B
20240301;100842;578.5;1;9730769109;B
20240301;100843;578.45;3;9730769118;S
20240301;100843;578.5;50;9730769135;B
20240301;100843;578.5;1903;9730769193;B
20240301;100843;578.5;1168;9730769194;B
20240301;100843;578.5;1136;9730769195;B
20240301;100847;578.7;4;9730769566;B
20240301;100850;578.55;4;9730770090;S
20240301;100854;578.6;14;9730770541;S
20240301;100856;578.7;4;9730770691;B
20240301;100856;578.6;7;9730770739;S
20240301;100857;578.6;9;9730770906;S
20240301;100857;578.6;38;9730770907;S
20240301;100857;578.6;50;9730770908;S
20240301;100857;578.55;3;9730770909;S
20240301;100858;578.7;4;9730770948;B
20240301;100905;578.6;3;9730771949;S
20240301;100905;578.7;1;9730772001;B
20240301;100906;578.6;3;9730772126;S
20240301;100907;578.7;1;9730772253;B
20240301;100916;578.7;14;9730773834;B
20240301;100932;578.7;1;9730775959;B
20240301;100933;578.7;28;9730776046;B
20240301;100934;578.7;2;9730776290;B
20240301;100936;578.7;1;9730776510;B
20240301;100938;578.7;19;9730776818;B
20240301;100939;578.55;2;9730777005;S
20240301;100941;578.55;1;9730777325;S
20240301;100943;578.7;2;9730777521;B
20240301;100944;578.7;10;9730777723;B
20240301;100946;578.55;1;9730777837;S
20240301;100946;578.55;46;9730777887;S
20240301;100947;578.55;1;9730777983;B
20240301;100948;578.55;20;9730778132;B
20240301;100949;578.55;6;9730778218;B
20240301;100949;578.55;27;9730778219;B
20240301;100950;578.65;2;9730778344;B
20240301;100952;578.5;1;9730778563;S
20240301;100953;578.65;8;9730778630;B
20240301;100953;578.65;1;9730778714;B
20240301;100955;578.6;1;9730778930;S
20240301;100956;578.6;3;9730779052;S
20240301;100956;578.65;4;9730779101;B
20240301;100957;578.65;2;9730779167;B
20240301;100957;578.65;1;9730779174;B
20240301;100957;578.65;1;9730779207;B
20240301;100958;578.65;22;9730779293;B
20240301;100958;578.65;6;9730779294;B
20240301;100959;578.65;4;9730779447;B
20240301;101002;578.6;6;9730779792;S
20240301;101003;578.5;30;9730779847;S
20240301;101003;578.45;223;9730779848;S
20240301;101003;578.45;156;9730779857;S
20240301;101003;578.45;1;9730779870;S
20240301;101003;578.45;41;9730779871;S
20240301;101003;578.4;74;9730779872;S
20240301;101003;578.4;156;9730779873;S
20240301;101003;578.55;10;9730779919;B
20240301;101004;578.4;111;9730779992;S
20240301;101007;578.45;2;9730780475;S
20240301;101010;578.5;2;9730780913;B
20240301;101010;578.5;1;9730780990;B
20240301;101012;578.5;10;9730781314;B
20240301;101012;578.5;2;9730781389;B
20240301;101013;578.5;6;9730781413;B
20240301;101013;578.55;9;9730781414;B
20240301;101013;578.55;34;9730781456;S
20240301;101013;578.5;21;9730781457;S
20240301;101013;578.5;12;9730781458;S
20240301;101016;578.5;10;9730781876;S
20240301;101019;578.55;41;9730782435;S
20240301;101019;578.5;138;9730782436;S
20240301;101019;578.5;35;9730782489;B
20240301;101020;578.45;31;9730782557;S
20240301;101020;578.45;2;9730782558;S
20240301;101021;578.45;30;9730782702;S
20240301;101021;578.5;1196;9730782730;B
20240301;101021;578.45;14;9730782789;S
20240301;101021;578.5;1;9730782790;B
20240301;101021;578.5;21;9730782791;B
20240301;101022;578.5;2;9730782798;B
20240301;101022;578.5;1;9730782932;B
20240301;101022;578.5;35;9730782933;B
20240301;101023;578.5;72;9730782983;B
20240301;101023;578.5;1;9730782987;B
20240301;101023;578.5;1;9730782988;B
20240301;101024;578.5;1;9730783133;B
20240301;101024;578.5;3;9730783134;B
20240301;101024;578.5;24;9730783143;B
20240301;101025;578.5;21;9730783205;B
20240301;101025;578.5;14;9730783206;B
20240301;101025;578.5;1;9730783243;B
20240301;101025;578.5;1;9730783262;B
20240301;101025;578.5;11;9730783263;B
20240301;101025;578.5;1;9730783272;B
20240301;101026;578.5;1;9730783382;B
20240301;101026;578.5;20;9730783383;B
20240301;101026;578.5;7;9730783411;B
20240301;101026;578.5;2;9730783412;B
20240301;101027;578.5;1;9730783545;B
20240301;101028;578.5;1;9730783638;B
20240301;101028;578.5;41;9730783680;B
20240301;101028;578.5;221;9730783717;B
20240301;101028;578.5;44;9730783718;B
20240301;101029;578.5;1;9730783783;B
20240301;101029;578.5;1;9730783784;B
20240301;101029;578.5;39;9730783792;B
20240301;101029;578.5;10;9730783793;B
20240301;101029;578.6;22;9730783808;B
20240301;101030;578.6;12;9730783863;B
20240301;101030;578.6;1;9730783899;B
20240301;101030;578.55;10;9730783907;S
20240301;101031;578.55;2;9730783961;S
20240301;101031;578.6;3;9730783984;B
20240301;101031;578.55;2;9730783987;S
20240301;101031;578.6;3;9730784019;B
20240301;101031;578.6;1;9730784020;B
20240301;101032;578.6;10;9730784078;B
20240301;101032;578.6;1;9730784079;B
20240301;101032;578.6;11;9730784080;B
20240301;101032;578.6;1;9730784191;B
20240301;101032;578.6;1;9730784192;B
20240301;101033;578.6;1;9730784256;B
20240301;101033;578.6;31;9730784257;B
20240301;101033;578.6;10;9730784281;B
20240301;101033;578.55;6;9730784283;S
20240301;101033;578.6;2;9730784284;B
20240301;101033;578.6;1;9730784315;B
20240301;101033;578.6;1;9730784360;B
20240301;101034;578.6;1;9730784401;B
20240301;101034;578.6;1;9730784402;B
20240301;101036;578.65;1;9730784619;B
20240301;101036;578.65;1;9730784620;B
20240301;101036;578.65;1;9730784621;B
20240301;101036;578.7;18;9730784685;B
20240301;101038;578.6;1;9730784918;S
20240301;101038;578.7;2;9730784919;B
20240301;101039;578.7;22;9730785135;B
20240301;101039;578.7;52;9730785136;B
20240301;101039;578.7;1;9730785144;B
20240301;101039;578.7;4;9730785145;B
20240301;101039;578.7;4;9730785148;B
20240301;101039;578.7;18;9730785173;B
20240301;101040;578.7;16;9730785228;B
20240301;101040;578.7;34;9730785229;B
20240301;101040;578.7;125;9730785230;B
20240301;101040;578.75;50;9730785231;B
20240301;101040;578.8;4775;9730785232;B
20240301;101040;578.8;175;9730785233;B
20240301;101040;578.8;1;9730785241;B
20240301;101040;578.8;25;9730785242;B
20240301;101040;578.8;1;9730785250;B
20240301;101040;578.8;1;9730785251;B
20240301;101040;578.8;1;9730785263;B
20240301;101040;578.8;5;9730785264;B
20240301;101040;578.8;1;9730785269;B
20240301;101040;578.8;1;9730785274;B
20240301;101040;578.8;1;9730785275;B
20240301;101040;578.8;2;9730785343;B
20240301;101040;578.8;41;9730785344;B
20240301;101040;578.8;22;9730785345;B
20240301;101041;578.8;2;9730785387;B
20240301;101041;578.8;6;9730785388;B
20240301;101041;578.8;2;9730785418;B
20240301;101041;578.8;21;9730785461;B
20240301;101042;578.8;1;9730785513;B
20240301;101042;578.8;5;9730785514;B
20240301;101042;578.8;1;9730785549;B
20240301;101042;578.8;1;9730785550;B
20240301;101043;578.8;1;9730785651;B
20240301;101044;578.8;17;9730785696;B
20240301;101044;578.8;1;9730785734;B
20240301;101044;578.75;1;9730785748;S
20240301;101045;578.8;14;9730785826;B
20240301;101045;578.8;2;9730785827;B
20240301;101046;578.75;37;9730785910;S
20240301;101046;578.8;8;9730785911;B
20240301;101046;578.8;17;9730785957;B
20240301;101046;578.9;11;9730785958;B
20240301;101046;578.9;7;9730785959;B
20240301;101046;578.9;1;9730785960;B
20240301;101046;578.9;5;9730785961;B
20240301;101047;578.85;5;9730786065;S
20240301;101048;578.85;1;9730786118;S
20240301;101050;578.95;2;9730786353;B
20240301;101050;578.95;24;9730786369;B
20240301;101053;578.95;10;9730786694;B
20240301;101055;578.95;5;9730787004;B
20240301;101055;578.95;259;9730787005;B
20240301;101055;579;10;9730787006;B
20240301;101055;579;10;9730787007;B
20240301;101056;579;1;9730787178;B
20240301;101056;579;1;9730787179;B
20240301;101056;579;1;9730787246;B
20240301;101056;578.9;1;9730787247;S
20240301;101057;578.9;1;9730787265;S
20240301;101057;579;1;9730787284;B
20240301;101057;579;5;9730787298;B
20240301;101058;579;1;9730787383;B
20240301;101058;579;1;9730787385;B
20240301;101058;579;1;9730787485;B
20240301;101058;579;2;9730787486;B
20240301;101059;579;3;9730787593;B
20240301;101100;578.9;28;9730787691;S
20240301;101100;578.85;138;9730787692;S
20240301;101100;578.85;28;9730787693;S
20240301;101100;578.85;326;9730787694;B
20240301;101101;578.85;1;9730787705;B
20240301;101101;578.85;4;9730787710;B
20240301;101101;578.85;6;9730787750;B
20240301;101101;578.85;1;9730787801;B
20240301;101101;578.85;2;9730787804;B
20240301;101102;578.85;2;9730787866;B
20240301;101103;578.85;2;9730787962;B
20240301;101103;578.85;1;9730787963;B
20240301;101103;578.85;1;9730787982;B
20240301;101103;578.85;4;9730788047;B
20240301;101103;578.8;1;9730788053;S
20240301;101104;578.85;1;9730788077;B
20240301;101104;578.85;2;9730788078;B
20240301;101104;578.85;2;9730788135;B
20240301;101104;578.85;60;9730788175;B
20240301;101105;578.85;5;9730788187;B
20240301;101105;578.85;1;9730788241;B
20240301;101105;578.85;3;9730788244;B
20240301;101105;578.85;1;9730788245;B
20240301;101105;578.85;1;9730788351;B
20240301;101105;578.85;8;9730788362;B
20240301;101106;578.85;2;9730788424;B
20240301;101106;578.85;1;9730788428;B
20240301;101107;578.8;10;9730788536;S
20240301;101107;578.85;1;9730788561;B
20240301;101108;578.85;1000;9730788681;B
20240301;101108;578.85;14;9730788682;B
20240301;101109;578.85;2;9730788781;B
20240301;101109;578.8;5;9730788784;S
20240301;101109;578.8;122;9730788785;S
20240301;101109;578.8;1;9730788786;S
20240301;101109;578.85;1;9730788808;B
20240301;101109;578.85;2;9730788809;B
20240301;101109;578.85;1;9730788888;B
20240301;101110;578.85;1;9730788934;B
20240301;101111;578.85;2500;9730788967;B
20240301;101111;578.85;1;9730789005;B
20240301;101111;578.85;2;9730789049;B
20240301;101111;578.85;51;9730789105;B
20240301;101111;578.85;1;9730789201;B
20240301;101111;578.85;3;9730789203;B
20240301;101111;578.85;1;9730789205;B
20240301;101111;578.85;2;9730789210;B
20240301;101112;578.85;3;9730789239;B
20240301;101113;578.85;2;9730789395;B
20240301;101113;578.85;1;9730789396;B
20240301;101113;578.85;3;9730789401;B
20240301;101113;578.8;1;9730789498;S
20240301;101114;578.85;68;9730789535;B
20240301;101114;578.85;1;9730789568;B
20240301;101114;578.8;28;9730789602;S
20240301;101114;578.8;80;9730789603;S
20240301;101114;578.8;92;9730789604;S
20240301;101115;578.85;1;9730789715;B
20240301;101115;578.85;3;9730789725;B
20240301;101115;578.8;20;9730789729;S
20240301;101115;578.85;1;9730789730;B
20240301;101116;578.85;1;9730789839;B
20240301;101116;578.8;10;9730789854;S
20240301;101116;578.8;30;9730789855;S
20240301;101116;578.8;260;9730789879;B
20240301;101116;578.85;259;9730789889;B
20240301;101116;578.85;2;9730789892;B
20240301;101116;578.85;40;9730789910;B
20240301;101116;578.85;53;9730789931;B
20240301;101116;578.85;2;9730789940;B
20240301;101117;578.85;1;9730790015;B
20240301;101117;578.85;6;9730790141;B
20240301;101118;578.8;1;9730790169;B
20240301;101118;578.8;1;9730790171;B
20240301;101118;578.8;6;9730790248;B
20240301;101119;578.8;2;9730790261;B
20240301;101119;578.8;3;9730790317;B
20240301;101120;578.8;6;9730790366;B
20240301;101120;578.8;40;9730790385;B
20240301;101120;578.75;1;9730790400;S
20240301;101120;578.75;6;9730790401;S
20240301;101120;578.8;2;9730790438;B
20240301;101120;578.8;11;9730790464;B
20240301;101121;578.8;2;9730790482;B
20240301;101121;578.75;1;9730790516;S
20240301;101122;578.8;6;9730790729;B
20240301;101122;578.8;1;9730790860;B
20240301;101122;578.8;4;9730790861;B
20240301;101123;578.8;36;9730790997;B
20240301;101124;578.8;35;9730791115;B
20240301;101124;578.8;12;9730791122;B
20240301;101125;578.8;1;9730791212;B
20240301;101125;578.8;9;9730791236;B
20240301;101126;578.8;3;9730791354;B
20240301;101127;578.8;4;9730791418;B
20240301;101127;578.8;5;9730791454;B
20240301;101127;578.8;6;9730791491;B
20240301;101128;578.8;35;9730791530;B
20240301;101128;578.8;3;9730791531;B
20240301;101129;578.8;1;9730791647;B
20240301;101129;578.8;215;9730791658;B
20240301;101129;578.8;285;9730791659;B
20240301;101130;578.75;30;9730791761;S
20240301;101130;578.7;7;9730791762;S
20240301;101130;578.7;23;9730791763;S
20240301;101133;578.8;1;9730792237;B
20240301;101134;578.8;1;9730792344;B
20240301;101137;578.8;400;9730792679;B
20240301;101137;578.8;1;9730792698;B
20240301;101141;578.8;5;9730793267;B
20240301;101142;578.8;500;9730793400;B
20240301;101143;578.8;2;9730793582;B
20240301;101143;578.8;10;9730793587;B
20240301;101144;578.75;1;9730793647;S
20240301;101147;578.8;8;9730794051;B
20240301;101148;578.75;19;9730794154;S
20240301;101148;578.75;30;9730794155;S
20240301;101150;578.7;5;9730794460;S
20240301;101153;578.75;1;9730794841;B
20240301;101155;578.75;6;9730795034;B
20240301;101155;578.7;1;9730795107;S
20240301;101156;578.75;3;9730795315;B
20240301;101157;578.75;1;9730795497;B
20240301;101159;578.75;1;9730795742;B
20240301;101159;578.75;8;9730795766;B
20240301;101200;578.75;1;9730795816;B
20240301;101202;578.75;1;9730796124;B
20240301;101202;578.75;3;9730796140;B
20240301;101203;578.7;2;9730796318;S
20240301;101204;578.75;15;9730796434;B
20240301;101207;578.75;50;9730796983;B
20240301;101208;578.7;2;9730797037;S
20240301;101209;578.7;1;9730797207;S
20240301;101209;578.75;200;9730797246;B
20240301;101210;578.75;1;9730797515;B
20240301;101210;578.75;2;9730797608;B
20240301;101211;578.75;20;9730797627;B
20240301;101212;578.7;1;9730797879;S
20240301;101212;578.7;1;9730797917;S
20240301;101213;578.75;1;9730798025;B
20240301;101214;578.7;12;9730798093;S
20240301;101214;578.7;4;9730798094;S
20240301;101214;578.7;1;9730798152;S
20240301;101214;578.7;3;9730798153;S
20240301;101215;578.75;5;9730798221;B
20240301;101215;578.7;1;9730798223;S
20240301;101215;578.7;26;9730798236;S
20240301;101215;578.7;44;9730798237;S
20240301;101215;578.7;20;9730798238;S
20240301;101215;578.7;3;9730798239;S
20240301;101215;578.75;1;9730798318;B
20240301;101216;578.65;1;9730798431;S
20240301;101216;578.65;1;9730798432;S
20240301;101216;578.75;3;9730798440;B
20240301;101217;578.65;3;9730798505;S
20240301;101217;578.65;1;9730798561;S
20240301;101217;578.75;2;9730798619;B
20240301;101218;578.65;133;9730798678;S
20240301;101218;578.65;30;9730798679;S
20240301;101218;578.6;25;9730798680;S
20240301;101218;578.6;138;9730798681;S
20240301;101218;578.6;20;9730798682;S
20240301;101218;578.6;43;9730798683;S
20240301;101218;578.55;12;9730798684;S
20240301;101218;578.55;25;9730798685;S
20240301;101218;578.55;138;9730798686;S
20240301;101218;578.55;436;9730798687;S
20240301;101222;578.7;28;9730799118;B
20240301;101222;578.7;43;9730799119;B
20240301;101222;578.75;29;9730799120;B
20240301;101230;578.7;1;9730800455;B
20240301;101230;578.7;9;9730800495;B
20240301;101231;578.65;1;9730800518;S
20240301;101232;578.65;1;9730800636;B
20240301;101233;578.7;1;9730800796;B
20240301;101234;578.7;1;9730801087;B
20240301;101235;578.65;1;9730801188;S
20240301;101235;578.65;1;9730801195;B
20240301;101236;578.65;3;9730801393;B
20240301;101238;578.6;1;9730801786;S
20240301;101238;578.6;11;9730801787;S
20240301;101239;578.55;1;9730801830;S
20240301;101242;578.6;1;9730802244;B
20240301;101242;578.65;1;9730802335;B
20240301;101243;578.65;1;9730802596;B
20240301;101245;578.65;1;9730802886;B
20240301;101246;578.6;1;9730803103;S
20240301;101246;578.6;5;9730803104;S
20240301;101246;578.55;94;9730803105;S
20240301;101247;578.55;10;9730803159;S
20240301;101249;578.65;1;9730803490;B
20240301;101250;578.65;2;9730803611;B
20240301;101253;578.7;1;9730804001;B
20240301;101253;578.7;1;9730804069;B
20240301;101253;578.7;1;9730804072;B
20240301;101253;578.7;8;9730804081;B
20240301;101253;578.7;10;9730804088;B
20240301;101254;578.65;1;9730804211;S
20240301;101254;578.6;1;9730804212;S
20240301;101255;578.7;1;9730804366;B
20240301;101256;578.6;2;9730804451;S
20240301;101256;578.6;1;9730804460;S
20240301;101258;578.6;1;9730804725;S
20240301;101258;578.55;11;9730804726;S
20240301;101258;578.55;2;9730804781;S
20240301;101301;578.65;1;9730805211;B
20240301;101304;578.65;1;9730805591;B
20240301;101304;578.6;1;9730805696;S
20240301;101304;578.55;5;9730805697;S
20240301;101307;578.65;1;9730806093;B
20240301;101308;578.7;1;9730806190;B
20240301;101309;578.7;1;9730806394;B
20240301;101310;578.7;1;9730806409;B
20240301;101311;578.7;200;9730806583;B
20240301;101312;578.65;1;9730806830;S
20240301;101312;578.65;2;9730806831;S
20240301;101313;578.6;1;9730806877;S
20240301;101313;578.6;2;9730806878;S
20240301;101314;578.6;1;9730807054;S
20240301;101314;578.65;1;9730807055;B
20240301;101314;578.65;1;9730807118;B
20240301;101314;578.65;1;9730807124;B
20240301;101315;578.65;4;9730807297;B
20240301;101315;578.65;1;9730807308;B
20240301;101316;578.6;9;9730807374;S
20240301;101316;578.65;1;9730807407;B
20240301;101317;578.65;1;9730807488;B
20240301;101317;578.6;4;9730807489;S
20240301;101318;578.6;3;9730807607;S
20240301;101320;578.65;5;9730807707;B
20240301;101320;578.65;2;9730807733;B
20240301;101321;578.65;1;9730807891;B
20240301;101323;578.65;1;9730808087;B
20240301;101323;578.65;1;9730808126;B
20240301;101323;578.65;1;9730808133;B
20240301;101325;578.6;1;9730808322;S
20240301;101325;578.6;1;9730808323;S
20240301;101325;578.6;5;9730808324;S
20240301;101329;578.7;1;9730808960;B
20240301;101330;578.7;1;9730809130;S
20240301;101330;578.65;1;9730809131;S
20240301;101330;578.6;17;9730809132;S
20240301;101331;578.6;10;9730809233;S
20240301;101334;578.75;1;9730809739;B
20240301;101335;578.7;1;9730809749;S
20240301;101335;578.65;2;9730809750;S
20240301;101339;578.75;145;9730810250;B
20240301;101339;578.75;6;9730810251;B
20240301;101339;578.75;43;9730810252;B
20240301;101339;578.8;1;9730810253;B
20240301;101339;578.8;41;9730810254;B
20240301;101339;578.85;314;9730810255;B
20240301;101339;578.8;25;9730810256;B
20240301;101341;578.8;1;9730810417;B
20240301;101341;578.8;3;9730810447;B
20240301;101342;578.8;1;9730810481;B
20240301;101342;578.8;70;9730810493;B
20240301;101342;578.8;18;9730810506;B
20240301;101346;578.8;4;9730810902;B
20240301;101346;578.75;1;9730810910;S
20240301;101348;578.7;18;9730811118;S
20240301;101400;578.7;2;9730812490;S
20240301;101400;578.65;3;9730812491;S
20240301;101400;578.65;2;9730812492;S
20240301;101400;578.65;1;9730812493;S
20240301;101400;578.6;28;9730812494;S
20240301;101400;578.6;1;9730812495;S
20240301;101400;578.6;63;9730812496;S
20240301;101408;578.7;7;9730813556;B
20240301;101408;578.75;43;9730813557;B
20240301;101410;578.75;1;9730813830;B
20240301;101414;578.7;6;9730814229;S
20240301;101414;578.6;3;9730814230;S
20240301;101414;578.55;17;9730814231;S
20240301;101414;578.55;30;9730814232;S
20240301;101414;578.55;520;9730814233;S
20240301;101414;578.55;41;9730814234;S
20240301;101414;578.55;6;9730814236;B
20240301;101414;578.55;8;9730814321;B
20240301;101414;578.55;2;9730814342;B
20240301;101415;578.5;1;9730814455;S
20240301;101416;578.55;1;9730814502;B
20240301;101416;578.55;2;9730814622;B
20240301;101417;578.55;3;9730814712;B
20240301;101419;578.55;5;9730814986;B
20240301;101419;578.55;3;9730815002;B
20240301;101419;578.5;2;9730815010;S
20240301;101419;578.5;1;9730815011;S
20240301;101420;578.5;11;9730815092;S
20240301;101420;578.5;8;9730815120;S
20240301;101420;578.5;16;9730815121;S
20240301;101420;578.55;2;9730815132;B
20240301;101420;578.55;10;9730815134;B
20240301;101420;578.5;34;9730815170;S
20240301;101421;578.5;2;9730815249;S
20240301;101423;578.55;23;9730815553;B
20240301;101426;578.55;2;9730815834;B
20240301;101427;578.55;1;9730815992;B
20240301;101432;578.55;1;9730816722;B
20240301;101433;578.5;1;9730816726;S
20240301;101433;578.5;23;9730816753;S
20240301;101433;578.5;46;9730816799;S
20240301;101434;578.55;1;9730816881;B
20240301;101436;578.55;1;9730817144;B
20240301;101437;578.5;21;9730817174;S
20240301;101438;578.55;4;9730817305;B
20240301;101439;578.55;2;9730817403;B
20240301;101439;578.55;1;9730817472;B
20240301;101440;578.55;2;9730817526;B
20240301;101440;578.5;20;9730817537;S
20240301;101440;578.5;37;9730817563;S
20240301;101440;578.5;10;9730817564;S
20240301;101440;578.5;105;9730817565;S
20240301;101440;578.5;10;9730817566;S
20240301;101440;578.5;2;9730817567;S
20240301;101440;578.5;2;9730817568;S
20240301;101440;578.5;3;9730817569;S
20240301;101440;578.5;3;9730817570;S
20240301;101440;578.5;20;9730817571;S
20240301;101440;578.5;8;9730817572;S
20240301;101440;578.55;5;9730817596;B
20240301;101442;578.55;1;9730817811;B
20240301;101444;578.55;1;9730817986;B
20240301;101444;578.5;2;9730818049;S
20240301;101445;578.5;15;9730818116;S
20240301;101445;578.5;3;9730818117;S
20240301;101446;578.4;9;9730818253;S
20240301;101452;578.55;3;9730819034;B
20240301;101455;578.55;2;9730819282;B
20240301;101455;578.5;17;9730819310;S
20240301;101455;578.55;1;9730819354;B
20240301;101456;578.55;10;9730819421;B
20240301;101456;578.55;3;9730819462;B
20240301;101458;578.5;4;9730819624;S
20240301;101458;578.5;9;9730819625;S
20240301;101458;578.45;367;9730819626;S
20240301;101459;578.5;2;9730819785;B
20240301;101502;578.5;13;9730820361;B
20240301;101503;578.4;1;9730820416;S
20240301;101504;578.45;1;9730820773;B
20240301;101505;578.45;14;9730820854;B
20240301;101505;578.5;40;9730820855;B
20240301;101505;578.55;9;9730820856;B
20240301;101508;578.4;270;9730821830;S
20240301;101509;578.45;5;9730822012;B
20240301;101510;578.4;3;9730822247;S
20240301;101511;578.4;10;9730822379;S
20240301;101513;578.4;2;9730822757;S
20240301;101513;578.4;1;9730822844;S
20240301;101513;578.4;1;9730822845;S
20240301;101513;578.4;2;9730822875;S
20240301;101513;578.4;14;9730822929;S
20240301;101514;578.5;1;9730823138;B
20240301;101514;578.5;1;9730823208;B
20240301;101515;578.4;25;9730823403;S
20240301;101516;578.45;1;9730823634;B
20240301;101516;578.4;1;9730823638;S
20240301;101516;578.4;1;9730823695;S
20240301;101517;578.4;98;9730823971;S
20240301;101517;578.45;1;9730823988;B
20240301;101518;578.4;1;9730824075;S
20240301;101518;578.4;1;9730824246;S
20240301;101519;578.4;1;9730824299;S
20240301;101519;578.45;4;9730824354;B
20240301;101519;578.4;10;9730824430;S
20240301;101519;578.45;3;9730824483;B
20240301;101520;578.4;3;9730824511;S
20240301;101520;578.4;1;9730824516;S
20240301;101521;578.4;1;9730824848;S
20240301;101521;578.45;1;9730824861;B
20240301;101521;578.4;3;9730824876;S
20240301;101522;578.4;6;9730825069;S
20240301;101523;578.4;1;9730825322;S
20240301;101523;578.4;1;9730825337;S
20240301;101524;578.4;1;9730825433;S
20240301;101524;578.4;12;9730825441;S
20240301;101524;578.4;1;9730825451;S
20240301;101524;578.4;1;9730825452;S
20240301;101524;578.45;1;9730825456;B
20240301;101524;578.4;11;9730825526;S
20240301;101525;578.45;1;9730825648;B
20240301;101525;578.4;1;9730825661;S
20240301;101525;578.4;1;9730825673;S
20240301;101526;578.4;1;9730825724;S
20240301;101526;578.4;11;9730825806;S
20240301;101526;578.4;2;9730825824;S
20240301;101526;578.45;1;9730825841;B
20240301;101527;578.4;1;9730825901;S
20240301;101527;578.4;1;9730825948;S
20240301;101527;578.4;1;9730825956;S
20240301;101527;578.4;1;9730825981;S
20240301;101527;578.4;10;9730826001;S
20240301;101527;578.4;1;9730826027;S
20240301;101528;578.4;1;9730826138;S
20240301;101528;578.45;1;9730826208;B
20240301;101528;578.4;9;9730826220;S
20240301;101529;578.45;1;9730826330;B
20240301;101529;578.4;100;9730826348;S
20240301;101530;578.4;1;9730826639;S
20240301;101531;578.4;9;9730826696;S
20240301;101531;578.4;1;9730826807;S
20240301;101532;578.4;6;9730826978;S
20240301;101532;578.4;66;9730827037;S
20240301;101532;578.4;15;9730827038;S
20240301;101532;578.4;1;9730827039;S
20240301;101532;578.4;18;9730827040;S
20240301;101533;578.4;1;9730827071;S
20240301;101533;578.4;8;9730827088;S
20240301;101533;578.4;1;9730827125;S
20240301;101533;578.4;1;9730827135;S
20240301;101533;578.4;7;9730827206;S
20240301;101533;578.4;1;9730827235;S
20240301;101534;578.4;23;9730827315;S
20240301;101534;578.45;1;9730827325;B
20240301;101534;578.4;65;9730827409;S
20240301;101534;578.4;172;9730827410;S
20240301;101534;578.4;99;9730827411;S
20240301;101534;578.4;1;9730827455;B
20240301;101535;578.4;7;9730827483;B
20240301;101535;578.4;4;9730827578;B
20240301;101535;578.4;1;9730827632;B
20240301;101535;578.4;3;9730827656;B
20240301;101536;578.35;1;9730827791;S
20240301;101536;578.3;1;9730827792;S
20240301;101536;578.3;50;9730827793;S
20240301;101536;578.3;2;9730827794;S
20240301;101536;578.3;2;9730827795;S
20240301;101536;578.25;7;9730827796;S
20240301;101536;578.25;25;9730827797;S
20240301;101536;578.25;3;9730827798;S
20240301;101536;578.25;9;9730827799;S
20240301;101538;578.25;129;9730828170;S
20240301;101538;578.2;35;9730828171;S
20240301;101538;578.2;1;9730828172;S
20240301;101538;578.2;10;9730828173;S
20240301;101538;578.2;2;9730828174;S
20240301;101538;578.2;1;9730828175;S
20240301;101538;578.2;3;9730828176;S
20240301;101538;578.2;138;9730828177;S
20240301;101538;578.2;432;9730828178;S
20240301;101538;578.2;41;9730828179;S
20240301;101538;578.15;8;9730828180;S
20240301;101538;578.15;2;9730828181;S
20240301;101538;578.15;138;9730828182;S
20240301;101538;578.15;30;9730828183;S
20240301;101538;578.1;1;9730828184;S
20240301;101538;578.1;2;9730828185;S
20240301;101538;578.1;30;9730828186;S
20240301;101538;578.1;30;9730828187;S
20240301;101538;578.1;48;9730828188;S
20240301;101538;578.1;50;9730828189;S
20240301;101538;578.1;4;9730828190;S
20240301;101538;578.1;14;9730828191;S
20240301;101538;578.1;28;9730828192;S
20240301;101538;578.1;412;9730828193;S
20240301;101538;578.05;276;9730828194;S
20240301;101538;578.05;5663;9730828195;S
20240301;101539;578.05;50;9730828334;S
20240301;101539;578.1;6;9730828344;B
20240301;101539;578.05;174;9730828369;S
20240301;101539;578.1;50;9730828420;B
20240301;101540;578.05;1;9730828604;S
20240301;101541;578.05;1;9730828652;S
20240301;101541;578.05;1;9730828670;S
20240301;101542;578.05;1;9730828893;S
20240301;101542;578.05;1;9730828901;S
20240301;101542;578.05;1;9730828981;S
20240301;101542;578.1;1;9730829009;B
20240301;101543;578.05;1;9730829070;S
20240301;101543;578.05;2;9730829132;S
20240301;101543;578.05;200;9730829156;S
20240301;101544;578.1;2;9730829222;B
20240301;101545;578.05;1;9730829473;S
20240301;101546;578.05;903;9730829529;S
20240301;101546;578.05;50;9730829530;S
20240301;101546;578.05;1;9730829531;S
20240301;101546;578.05;600;9730829532;S
20240301;101546;578.05;40;9730829533;S
20240301;101547;578.05;2;9730829809;S
20240301;101549;578.05;4;9730830157;S
20240301;101549;578.05;1;9730830184;S
20240301;101549;578.05;1;9730830201;S
20240301;101550;578.1;1;9730830347;B
20240301;101550;578.1;2;9730830463;B
20240301;101550;578.1;2;9730830515;B
20240301;101553;578.05;61;9730831128;S
20240301;101554;578.1;2;9730831496;B
20240301;101554;578.05;3;9730831633;S
20240301;101555;578.1;1;9730831743;B
20240301;101556;578.05;1;9730831857;S
20240301;101556;578.1;7;9730831953;B
20240301;101556;578.1;5;9730831973;B
20240301;101556;578.05;2;9730832000;S
20240301;101557;578.05;70;9730832089;S
20240301;101557;578.1;3;9730832122;B
20240301;101557;578.05;1;9730832195;S
20240301;101558;578.1;1;9730832285;B
20240301;101558;578.05;2;9730832424;S
20240301;101559;578.1;1;9730832663;B
20240301;101600;578.1;2;9730832826;B
20240301;101600;578.1;1;9730832832;B
20240301;101600;578.05;1;9730832871;S
20240301;101602;578.1;2;9730833138;B
20240301;101602;578.05;1;9730833175;S
20240301;101602;578.05;1;9730833199;S
20240301;101603;578.1;1;9730833307;B
20240301;101603;578.05;1;9730833412;S
20240301;101605;578.05;22;9730833723;S
20240301;101605;578.1;1;9730833767;B
20240301;101605;578.05;1;9730833803;S
20240301;101607;578.1;2;9730834256;B
20240301;101607;578.1;1;9730834266;B
20240301;101608;578.05;185;9730834307;S
20240301;101608;578.05;1;9730834308;S
20240301;101608;578;2;9730834309;S
20240301;101608;578;1;9730834310;S
20240301;101608;578;1;9730834311;S
20240301;101608;578;1;9730834312;S
20240301;101608;578;1;9730834313;S
20240301;101608;578;1;9730834314;S
20240301;101608;578;2;9730834315;S
20240301;101608;578;2;9730834316;S
20240301;101608;578;2;9730834317;S
20240301;101608;578;2;9730834318;S
20240301;101608;578;3;9730834319;S
20240301;101608;578;2;9730834320;S
20240301;101608;578;2;9730834321;S
20240301;101608;578;1;9730834322;S
20240301;101608;578;2;9730834323;S
20240301;101608;578;2;9730834324;S
20240301;101608;578;8;9730834325;S
20240301;101608;578;2;9730834326;S
20240301;101608;578;12;9730834327;S
20240301;101608;578;1;9730834328;S
20240301;101608;578;1;9730834329;S
20240301;101608;578;1;9730834330;S
20240301;101608;578;3;9730834331;S
20240301;101608;578;2;9730834332;S
20240301;101608;578;1;9730834333;S
20240301;101608;578;1;9730834334;S
20240301;101608;578;2;9730834335;S
20240301;101608;578;1;9730834336;S
20240301;101608;578;3;9730834337;S
20240301;101608;578;1;9730834338;S
20240301;101608;578;1;9730834339;S
20240301;101608;578;100;9730834340;S
20240301;101608;578;3;9730834341;S
20240301;101608;578;1;9730834342;S
20240301;101608;578;1;9730834343;S
20240301;101608;578;5;9730834344;S
20240301;101608;578;10;9730834345;S
20240301;101608;578;2;9730834346;S
20240301;101608;578;19;9730834347;S
20240301;101608;578;31;9730834348;S
20240301;101608;578;1;9730834349;S
20240301;101608;578;1;9730834350;S
20240301;101608;578;1;9730834351;S
20240301;101608;578;5;9730834352;S
20240301;101608;578;3;9730834353;S
20240301;101608;578;1;9730834354;S
20240301;101608;578;1;9730834355;S
20240301;101608;578;1;9730834356;S
20240301;101608;578;1;9730834357;S
20240301;101608;578;140;9730834358;S
20240301;101608;578;107;9730834359;S
20240301;101608;578;53;9730834360;S
20240301;101608;578;3;9730834361;S
20240301;101608;578;100;9730834362;S
20240301;101608;578;10;9730834363;S
20240301;101608;578;2;9730834364;S
20240301;101608;578;1;9730834365;S
20240301;101608;578;1;9730834366;S
20240301;101608;578;1;9730834367;S
20240301;101608;578;1;9730834368;S
20240301;101608;578;20;9730834369;S
20240301;101608;578;8;9730834370;S
20240301;101608;578;744;9730834371;S
20240301;101608;578;35;9730834372;S
20240301;101608;578;4;9730834373;S
20240301;101608;578;5;9730834374;S
20240301;101608;578;15;9730834375;S
20240301;101608;578;689;9730834378;S
20240301;101608;578;20;9730834379;S
20240301;101608;578;1;9730834380;S
20240301;101608;578;2;9730834381;S
20240301;101608;578;17;9730834382;S
20240301;101608;578;3;9730834383;S
20240301;101608;578;1;9730834384;S
20240301;101608;578;2;9730834385;S
20240301;101608;578;1;9730834386;S
20240301;101608;578;1;9730834387;S
20240301;101608;578;10;9730834388;S
20240301;101608;578;100;9730834389;S
20240301;101608;577.9;1;9730834391;S
20240301;101608;577.85;1;9730834392;S
20240301;101608;577.85;10;9730834393;S
20240301;101608;577.85;1;9730834394;S
20240301;101608;577.85;16;9730834395;S
20240301;101608;577.85;5;9730834396;S
20240301;101608;577.85;6;9730834397;S
20240301;101608;577.85;1;9730834398;S
20240301;101608;577.85;4;9730834399;S
20240301;101608;577.85;4;9730834400;S
20240301;101608;577.85;5;9730834425;S
20240301;101608;577.85;1;9730834435;S
20240301;101608;577.85;1;9730834436;S
20240301;101608;577.85;52;9730834460;S
20240301;101608;577.75;124;9730834461;S
20240301;101608;577.8;1;9730834505;B
20240301;101608;577.8;2;9730834546;B
20240301;101608;577.7;2;9730834565;S
20240301;101608;577.7;1;9730834568;S
20240301;101608;577.7;10;9730834569;S
20240301;101608;577.7;2;9730834570;S
20240301;101608;577.65;4;9730834571;S
20240301;101608;577.65;14;9730834572;S
20240301;101609;577.65;21;9730834576;S
20240301;101609;577.65;432;9730834577;S
20240301;101609;577.6;50;9730834578;S
20240301;101609;577.6;43;9730834579;S
20240301;101609;577.55;12;9730834580;S
20240301;101609;577.55;30;9730834581;S
20240301;101609;577.55;70;9730834582;S
20240301;101609;577.5;50;9730834583;S
20240301;101609;577.5;10;9730834584;S
20240301;101609;577.5;1;9730834585;S
20240301;101609;577.5;2;9730834586;S
20240301;101609;577.5;159;9730834587;S
20240301;101609;577.5;206;9730834608;S
20240301;101609;577.5;21;9730834617;S
20240301;101609;577.7;31;9730834636;B
20240301;101609;577.7;30;9730834637;B
20240301;101609;577.7;43;9730834638;B
20240301;101609;577.75;24;9730834639;B
20240301;101609;577.55;30;9730834700;S
20240301;101609;577.55;31;9730834701;S
20240301;101609;577.5;2114;9730834702;S
20240301;101609;577.45;432;9730834703;S
20240301;101609;577.45;43;9730834704;S
20240301;101609;577.4;1;9730834708;S
20240301;101609;577.45;200;9730834715;B
20240301;101609;577.35;2;9730834738;S
20240301;101609;577.35;5;9730834739;S
20240301;101609;577.35;93;9730834740;S
20240301;101610;577.4;1;9730835021;B
20240301;101611;577.4;1;9730835128;B
20240301;101612;577.35;4;9730835474;S
20240301;101613;577.35;92;9730835689;S
20240301;101613;577.3;8;9730835690;S
20240301;101613;577.4;4;9730835706;B
20240301;101616;577.4;1;9730836223;B
20240301;101617;577.35;1;9730836520;B
20240301;101617;577.3;42;9730836533;S
20240301;101618;577.4;10;9730836686;B
20240301;101618;577.4;5;9730836713;B
20240301;101619;577.4;26;9730836890;B
20240301;101619;577.4;30;9730836891;B
20240301;101619;577.4;47;9730836892;B
20240301;101619;577.4;7;9730836929;S
20240301;101619;577.45;1;9730837016;B
20240301;101619;577.4;64;9730837018;S
20240301;101619;577.4;1;9730837024;S
20240301;101619;577.4;6;9730837033;S
20240301;101619;577.45;1;9730837122;B
20240301;101620;577.4;700;9730837386;S
20240301;101620;577.4;1000;9730837424;S
20240301;101621;577.45;2;9730837976;B
20240301;101621;577.4;82;9730837977;S
20240301;101621;577.4;69;9730837978;S
20240301;101621;577.4;6;9730838132;S
20240301;101622;577.45;1;9730838486;B
20240301;101623;577.45;2;9730838553;B
20240301;101623;577.45;1;9730838585;B
20240301;101623;577.45;2;9730838611;B
20240301;101623;577.4;5;9730838683;S
20240301;101623;577.4;15;9730838768;S
20240301;101624;577.4;5;9730838769;S
20240301;101624;577.4;1;9730838991;S
20240301;101625;577.45;2;9730839035;B
20240301;101625;577.4;5;9730839076;S
20240301;101625;577.45;2;9730839143;B
20240301;101625;577.45;6;9730839151;B
20240301;101625;577.4;1;9730839189;S
20240301;101626;577.4;70;9730839323;S
20240301;101626;577.4;5;9730839392;S
20240301;101626;577.45;15;9730839455;B
20240301;101626;577.45;5;9730839467;B
20240301;101627;577.4;5;9730839544;S
20240301;101627;577.45;1;9730839545;B
20240301;101627;577.4;4;9730839579;S
20240301;101627;577.4;1;9730839580;S
20240301;101627;577.4;2;9730839697;S
20240301;101627;577.4;2;9730839698;S
20240301;101628;577.4;1;9730839821;S
20240301;101628;577.4;1;9730839822;S
20240301;101628;577.4;4;9730839899;S
20240301;101628;577.45;300;9730840010;B
20240301;101629;577.45;5;9730840123;B
20240301;101629;577.4;21;9730840270;S
20240301;101630;577.4;4;9730840346;S
20240301;101631;577.45;1;9730840605;B
20240301;101631;577.4;1;9730840606;S
20240301;101631;577.4;1;9730840607;S
20240301;101631;577.4;79;9730840625;S
20240301;101631;577.4;819;9730840642;S
20240301;101631;577.45;10;9730840717;B
20240301;101631;577.45;1;9730840728;B
20240301;101631;577.4;1;9730840733;S
20240301;101631;577.4;4;9730840740;S
20240301;101632;577.4;2;9730840818;S
20240301;101632;577.4;1;9730840819;S
20240301;101632;577.4;1;9730840820;S
20240301;101632;577.4;1;9730840902;S
20240301;101632;577.4;2;9730840903;S
20240301;101632;577.45;159;9730840928;B
20240301;101632;577.4;1;9730840929;S
20240301;101632;577.4;3;9730841016;S
20240301;101633;577.4;1;9730841108;S
20240301;101634;577.4;3;9730841346;S
20240301;101634;577.4;3;9730841347;S
20240301;101634;577.4;3;9730841407;S
20240301;101634;577.45;1;9730841479;B
20240301;101635;577.45;17;9730841793;B
20240301;101635;577.45;1;9730841859;B
20240301;101636;577.45;1;9730841873;B
20240301;101636;577.4;3;9730841956;S
20240301;101637;577.45;1;9730842291;B
20240301;101637;577.4;1;9730842324;S
20240301;101637;577.4;1;9730842325;S
20240301;101637;577.4;2;9730842327;S
20240301;101637;577.45;1;9730842396;B
20240301;101637;577.4;3;9730842540;S
20240301;101638;577.45;50;9730842550;B
20240301;101638;577.4;1;9730842609;S
20240301;101638;577.4;2;9730842610;S
20240301;101638;577.4;2;9730842731;S
20240301;101638;577.4;40;9730842746;S
20240301;101638;577.45;2;9730842769;B
20240301;101638;577.45;4;9730842807;B
20240301;101639;577.4;1;9730842844;S
20240301;101639;577.4;149;9730842909;S
20240301;101640;577.45;6;9730843099;B
20240301;101640;577.45;2;9730843146;B
20240301;101640;577.45;1;9730843199;B
20240301;101641;577.45;1;9730843208;B
20240301;101641;577.4;2;9730843267;S
20240301;101641;577.4;1;9730843345;S
20240301;101641;577.4;1;9730843346;S
20240301;101642;577.45;3;9730843497;B
20240301;101642;577.4;2;9730843551;S
20240301;101643;577.45;1;9730843689;B
20240301;101643;577.45;1;9730843809;B
20240301;101643;577.4;1;9730843810;S
20240301;101643;577.4;1;9730843811;S
20240301;101643;577.4;2;9730843844;S
20240301;101644;577.4;30;9730843892;S
20240301;101644;577.45;1;9730843899;B
20240301;101644;577.45;1;9730844002;B
20240301;101645;577.4;1;9730844260;S
20240301;101645;577.4;2;9730844261;S
20240301;101646;577.4;2;9730844316;S
20240301;101646;577.4;30;9730844446;S
20240301;101647;577.4;1;9730844580;S
20240301;101647;577.45;2;9730844628;B
20240301;101647;577.45;2;9730844672;B
20240301;101647;577.4;2;9730844683;S
20240301;101647;577.45;55;9730844716;B
20240301;101648;577.4;1;9730844896;S
20240301;101648;577.4;8;9730845022;S
20240301;101649;577.4;2;9730845081;S
20240301;101649;577.45;2;9730845206;B
20240301;101650;577.45;1;9730845427;B
20240301;101651;577.4;5;9730845812;S
20240301;101651;577.4;224;9730845879;S
20240301;101651;577.4;2;9730845906;S
20240301;101651;577.45;2;9730845978;B
20240301;101652;577.45;1;9730846046;B
20240301;101652;577.45;5;9730846054;B
20240301;101653;577.45;2;9730846412;B
20240301;101654;577.4;1;9730846527;S
20240301;101655;577.4;71;9730846696;S
20240301;101655;577.45;1;9730846833;B
20240301;101655;577.45;2;9730846923;B
20240301;101655;577.45;1;9730846926;B
20240301;101656;577.4;1;9730846944;S
20240301;101656;577.45;1;9730847016;B
20240301;101656;577.45;2;9730847026;B
20240301;101657;577.4;1;9730847235;S
20240301;101657;577.4;8;9730847265;S
20240301;101657;577.4;1;9730847311;S
20240301;101657;577.45;100;9730847327;B
20240301;101659;577.4;1;9730847549;S
20240301;101659;577.4;16;9730847582;S
20240301;101659;577.4;54;9730847655;S
20240301;101659;577.4;1;9730847764;S
20240301;101700;577.45;2;9730847809;B
20240301;101700;577.4;11;9730847818;S
20240301;101700;577.45;1;9730847829;B
20240301;101700;577.4;400;9730848005;S
20240301;101701;577.4;1;9730848041;S
20240301;101701;577.4;1;9730848107;S
20240301;101701;577.4;1;9730848243;S
20240301;101702;577.4;1;9730848346;S
20240301;101702;577.45;16;9730848452;B
20240301;101702;577.4;1;9730848549;S
20240301;101703;577.45;8;9730848837;B
20240301;101704;577.4;4;9730849007;S
20240301;101704;577.4;4;9730849008;S
20240301;101704;577.45;1;9730849064;B
20240301;101704;577.4;1;9730849116;S
20240301;101704;577.4;1;9730849180;S
20240301;101705;577.4;3;9730849282;S
20240301;101707;577.45;2;9730849914;B
20240301;101708;577.45;7;9730849997;B
20240301;101708;577.4;1;9730850038;S
20240301;101709;577.45;6;9730850298;B
20240301;101709;577.45;1;9730850334;B
20240301;101709;577.45;100;9730850361;B
20240301;101711;577.4;100;9730850570;S
20240301;101711;577.4;1;9730850610;S
20240301;101712;577.4;4;9730850775;S
20240301;101712;577.4;20;9730850787;S
20240301;101712;577.45;1;9730850791;B
20240301;101712;577.45;1;9730850819;B
20240301;101712;577.45;1;9730850872;B
20240301;101712;577.4;1;9730850878;S
20240301;101713;577.45;2;9730851052;B
20240301;101714;577.45;1;9730851376;B
20240301;101714;577.45;2;9730851383;B
20240301;101714;577.45;15;9730851418;B
20240301;101714;577.45;11;9730851476;B
20240301;101715;577.4;1;9730851488;S
20240301;101715;577.45;2;9730851521;B
20240301;101715;577.45;3;9730851533;B
20240301;101715;577.45;1;9730851584;B
20240301;101715;577.4;1;9730851604;S
20240301;101715;577.45;24;9730851620;B
20240301;101715;577.45;1;9730851647;B
20240301;101716;577.4;5;9730851805;S
20240301;101716;577.4;1;9730851828;S
20240301;101717;577.45;2;9730852010;B
20240301;101717;577.45;5;9730852013;B
20240301;101718;577.45;1;9730852036;B
20240301;101718;577.45;1;9730852038;B
20240301;101718;577.45;2;9730852039;B
20240301;101718;577.45;3;9730852051;B
20240301;101718;577.4;1;9730852097;S
20240301;101718;577.45;9;9730852104;B
20240301;101718;577.4;4;9730852249;S
20240301;101719;577.45;35;9730852263;B
20240301;101719;577.45;2;9730852276;B
20240301;101720;577.4;2000;9730852430;S
20240301;101720;577.45;2;9730852442;B
20240301;101721;577.45;2;9730852808;B
20240301;101722;577.45;11;9730852862;B
20240301;101722;577.45;1;9730852871;B
20240301;101722;577.4;40;9730852942;S
20240301;101722;577.4;200;9730852962;S
20240301;101722;577.45;1;9730852997;B
20240301;101723;577.45;1;9730853017;B
20240301;101723;577.4;25;9730853040;S
20240301;101723;577.45;2;9730853087;B
20240301;101723;577.45;3;9730853139;B
20240301;101723;577.45;3;9730853146;B
20240301;101724;577.45;2500;9730853252;B
20240301;101724;577.4;36;9730853392;S
20240301;101725;577.45;2;9730853505;B
20240301;101726;577.45;2;9730853675;B
20240301;101726;577.4;14;9730853686;S
20240301;101727;577.45;1;9730853800;B
20240301;101727;577.4;2;9730853802;S
20240301;101728;577.45;1;9730853953;B
20240301;101728;577.45;6;9730853984;B
20240301;101729;577.45;2;9730854109;B
20240301;101729;577.45;3;9730854135;B
20240301;101729;577.45;2;9730854137;B
20240301;101729;577.4;15;9730854162;S
20240301;101729;577.4;50;9730854170;S
20240301;101729;577.45;1;9730854185;B
20240301;101730;577.45;1;9730854218;B
20240301;101730;577.4;5;9730854306;S
20240301;101730;577.45;4;9730854317;B
20240301;101731;577.45;1;9730854446;B
20240301;101732;577.4;47;9730854663;S
20240301;101732;577.45;8;9730854728;B
20240301;101733;577.45;1;9730854853;B
20240301;101733;577.45;1;9730854887;B
20240301;101734;577.45;1;9730854924;B
20240301;101735;577.45;2;9730855194;B
20240301;101735;577.4;2;9730855212;S
20240301;101736;577.45;1;9730855320;B
20240301;101736;577.45;2;9730855350;B
20240301;101737;577.45;1;9730855537;B
20240301;101737;577.45;4;9730855546;B
20240301;101738;577.45;21;9730855591;B
20240301;101738;577.45;2;9730855628;B
20240301;101738;577.45;3;9730855631;B
20240301;101739;577.45;2;9730855741;B
20240301;101740;577.45;2;9730855998;B
20240301;101740;577.4;200;9730856053;S
20240301;101740;577.4;261;9730856054;S
20240301;101740;577.4;3;9730856055;S
20240301;101740;577.4;1;9730856056;S
20240301;101740;577.4;2;9730856057;S
20240301;101740;577.4;20;9730856058;S
20240301;101740;577.4;2;9730856059;S
20240301;101740;577.4;3;9730856060;S
20240301;101740;577.4;3;9730856061;S
20240301;101740;577.4;20;9730856062;S
20240301;101740;577.4;4;9730856063;S
20240301;101740;577.4;5;9730856064;S
20240301;101740;577.4;3;9730856065;S
20240301;101740;577.4;195;9730856066;S
20240301;101741;577.45;1;9730856252;B
20240301;101742;577.45;1;9730856394;B
20240301;101742;577.45;2;9730856396;B
20240301;101742;577.45;3;9730856409;B
20240301;101742;577.45;1;9730856424;B
20240301;101742;577.4;24;9730856472;S
20240301;101743;577.4;52;9730856498;S
20240301;101743;577.35;5;9730856499;S
20240301;101743;577.35;104;9730856500;S
20240301;101743;577.35;16;9730856501;S
20240301;101743;577.3;5;9730856502;S
20240301;101743;577.3;7;9730856503;S
20240301;101743;577.3;11;9730856504;S
20240301;101744;577.35;5;9730856664;S
20240301;101744;577.35;3;9730856765;S
20240301;101746;577.4;2;9730857057;B
20240301;101747;577.35;16;9730857234;S
20240301;101748;577.35;41;9730857503;B
20240301;101748;577.4;1;9730857702;B
20240301;101749;577.4;5;9730857899;B
20240301;101750;577.35;7;9730857969;S
20240301;101751;577.4;1;9730858261;B
20240301;101753;577.3;1;9730858527;S
20240301;101753;577.4;1;9730858538;B
20240301;101753;577.4;19;9730858663;B
20240301;101755;577.4;1;9730858954;B
20240301;101756;577.3;2;9730859138;S
20240301;101800;577.45;1;9730859776;B
20240301;101802;577.35;2;9730860012;S
20240301;101803;577.35;52;9730860233;S
20240301;101810;577.4;1;9730861024;S
20240301;101810;577.45;1;9730861073;B
20240301;101810;577.4;20;9730861075;S
20240301;101810;577.45;17;9730861084;B
20240301;101811;577.45;1;9730861212;B
20240301;101811;577.4;1;9730861216;S
20240301;101812;577.4;3;9730861404;S
20240301;101812;577.35;14;9730861405;S
20240301;101813;577.45;1;9730861633;B
20240301;101813;577.45;200;9730861660;B
20240301;101814;577.4;1;9730861901;S
20240301;101814;577.4;1;9730861932;S
20240301;101816;577.45;9;9730862278;B
20240301;101816;577.45;1;9730862342;B
20240301;101817;577.45;4;9730862488;B
20240301;101819;577.45;2;9730863219;B
20240301;101820;577.4;3;9730863405;S
20240301;101820;577.45;2;9730863634;B
20240301;101821;577.45;22;9730863788;B
20240301;101821;577.45;4;9730863810;B
20240301;101824;577.4;8;9730864739;S
20240301;101824;577.4;2;9730864740;S
20240301;101824;577.4;18;9730864741;S
20240301;101825;577.4;2;9730865041;S
20240301;101825;577.4;4;9730865106;S
20240301;101825;577.4;30;9730865107;S
20240301;101825;577.35;417;9730865115;S
20240301;101826;577.45;1;9730865251;B
20240301;101827;577.4;417;9730865608;S
20240301;101829;577.45;500;9730866344;B
20240301;101830;577.4;66;9730866518;S
20240301;101831;577.45;1;9730866758;B
20240301;101831;577.4;3;9730866814;S
20240301;101837;577.45;434;9730868417;B
20240301;101837;577.45;3;9730868488;B
20240301;101838;577.45;1;9730868612;B
20240301;101838;577.45;1;9730868772;B
20240301;101839;577.45;3;9730868950;B
20240301;101839;577.45;10;9730868967;B
20240301;101840;577.45;14;9730869338;B
20240301;101840;577.45;1;9730869488;B
20240301;101840;577.45;2;9730869489;B
20240301;101840;577.45;4;9730869514;B
20240301;101841;577.45;1;9730869626;B
20240301;101842;577.45;1;9730870030;B
20240301;101842;577.45;5;9730870031;B
20240301;101843;577.45;4;9730870229;B
20240301;101843;577.45;2;9730870263;B
20240301;101846;577.45;1;9730870952;B
20240301;101847;577.45;1;9730871124;B
20240301;101847;577.4;3;9730871152;S
20240301;101849;577.45;15;9730871606;B
20240301;101851;577.45;21;9730872261;B
20240301;101852;577.45;1;9730872556;B
20240301;101853;577.45;1;9730872721;B
20240301;101853;577.45;1;9730872916;B
20240301;101855;577.4;121;9730873498;S
20240301;101856;577.4;3;9730873659;S
20240301;101858;577.45;300;9730874214;B
20240301;101858;577.4;4;9730874459;S
20240301;101859;577.45;1500;9730874503;B
20240301;101859;577.45;10;9730874517;B
20240301;101859;577.45;13;9730874538;B
20240301;101900;577.45;3;9730874937;B
20240301;101901;577.45;49;9730875189;B
20240301;101901;577.45;10;9730875269;B
20240301;101903;577.45;21;9730875714;B
20240301;101903;577.4;430;9730875924;S
20240301;101904;577.45;2279;9730876187;B
20240301;101904;577.45;35;9730876188;B
20240301;101904;577.45;3;9730876189;B
20240301;101904;577.45;1;9730876190;B
20240301;101904;577.45;96;9730876191;B
20240301;101904;577.45;45;9730876192;B
20240301;101904;577.45;12;9730876193;B
20240301;101904;577.45;1;9730876194;B
20240301;101905;577.5;1;9730876268;B
20240301;101905;577.5;1;9730876269;B
20240301;101905;577.5;2;9730876468;B
20240301;101905;577.7;21;9730876469;B
20240301;101905;577.75;2;9730876470;B
20240301;101908;577.75;1;9730877524;S
20240301;101908;577.75;1;9730877525;S
20240301;101908;577.75;1;9730877526;S
20240301;101908;577.7;1;9730877527;S
20240301;101908;577.65;1;9730877528;S
20240301;101908;577.6;1;9730877529;S
20240301;101908;577.6;30;9730877530;S
20240301;101908;577.55;1;9730877531;S
20240301;101908;577.55;1;9730877532;S
20240301;101908;577.5;30;9730877533;S
20240301;101908;577.5;451;9730877534;S
20240301;101912;577.8;1;9730878153;B
20240301;101912;577.8;2;9730878236;B
20240301;101912;577.8;1;9730878241;B
20240301;101914;577.8;20;9730878605;B
20240301;101914;577.8;1;9730878639;S
20240301;101917;577.9;2;9730879182;B
20240301;101918;577.85;1;9730879497;S
20240301;101919;577.85;10;9730879600;B
20240301;101919;577.85;6;9730879713;B
20240301;101919;577.85;2;9730879788;B
20240301;101921;577.85;2;9730880115;B
20240301;101922;577.85;8;9730880257;B
20240301;101922;577.85;30;9730880375;B
20240301;101923;577.85;3;9730880459;B
20240301;101924;577.8;1;9730880639;S
20240301;101924;577.8;1;9730880670;B
20240301;101924;577.85;8;9730880671;B
20240301;101925;577.85;1;9730880743;B
20240301;101928;577.85;24;9730881232;B
20240301;101928;577.85;50;9730881340;S
20240301;101929;577.9;30;9730881513;B
20240301;101929;577.9;110;9730881514;B
20240301;101929;577.95;138;9730881515;B
20240301;101929;577.95;30;9730881516;B
20240301;101929;578;55;9730881517;B
20240301;101929;578;5;9730881518;B
20240301;101929;578;14;9730881519;B
20240301;101929;578;2;9730881520;B
20240301;101929;578;22;9730881521;B
20240301;101932;577.75;1;9730881968;S
20240301;101932;577.75;1;9730881969;S
20240301;101932;577.75;1;9730881970;S
20240301;101932;577.7;1;9730881971;S
20240301;101932;577.65;1;9730881972;S
20240301;101932;577.65;30;9730881973;S
20240301;101932;577.65;28;9730881974;S
20240301;101932;577.65;2;9730881975;S
20240301;101932;577.6;1;9730881976;S
20240301;101932;577.6;453;9730881977;S
20240301;101937;577.55;10;9730882820;S
20240301;101937;577.55;54;9730882821;S
20240301;101937;577.55;30;9730882822;S
20240301;101937;577.55;30;9730882823;S
20240301;101938;577.55;3;9730883025;B
20240301;101938;577.5;54;9730883093;S
20240301;101938;577.45;3;9730883094;S
20240301;101938;577.4;3;9730883095;S
20240301;101938;577.4;2;9730883096;S
20240301;101938;577.4;1;9730883097;S
20240301;101938;577.4;138;9730883098;S
20240301;101938;577.4;16;9730883099;S
20240301;101938;577.35;5;9730883100;S
20240301;101938;577.35;1;9730883101;S
20240301;101938;577.35;5;9730883102;S
20240301;101938;577.35;102;9730883103;S
20240301;101939;577.55;1;9730883254;B
20240301;101939;577.55;6;9730883255;B
20240301;101943;577.55;6;9730883944;B
20240301;101946;577.4;1;9730884369;S
20240301;101946;577.4;1;9730884370;S
20240301;101946;577.4;1;9730884371;S
20240301;101946;577.4;1;9730884372;S
20240301;101946;577.35;10;9730884373;S
20240301;101946;577.35;30;9730884374;S
20240301;101946;577.35;432;9730884375;S
20240301;101946;577.35;3;9730884376;S
20240301;101946;577.35;528;9730884377;S
20240301;101946;577.3;486;9730884378;S
20240301;101946;577.3;1;9730884379;S
20240301;101946;577.3;3;9730884380;S
20240301;101946;577.3;5;9730884381;S
20240301;101946;577.3;49;9730884382;S
20240301;101946;577.25;49;9730884383;S
20240301;101948;577.45;1;9730884803;B
20240301;101948;577.45;1;9730884804;B
20240301;101950;577.55;1;9730884995;B
20240301;101951;577.3;7;9730885343;S
20240301;101959;577.55;1;9730886787;B
20240301;102005;577.55;1;9730887935;B
20240301;102009;577.35;25;9730888526;S
20240301;102013;577.4;1;9730889070;S
20240301;102015;577.55;7;9730889449;B
20240301;102017;577.55;1;9730889729;B
20240301;102017;577.55;5;9730889806;B
20240301;102019;577.55;5;9730890191;B
20240301;102019;577.55;2;9730890192;B
20240301;102019;577.55;45;9730890193;B
20240301;102021;577.45;10;9730892586;S
20240301;102021;577.4;29;9730892597;S
20240301;102021;577.4;1;9730892598;S
20240301;102021;577.4;1;9730892599;S
20240301;102021;577.4;8;9730892600;S
20240301;102021;577.4;30;9730892601;S
20240301;102021;577.35;46;9730892602;S
20240301;102021;577.35;185;9730892603;S
20240301;102023;577.55;15;9730892979;B
20240301;102023;577.55;49;9730892980;B
20240301;102029;577.55;3;9730895625;B
20240301;102029;577.45;4;9730895696;S
20240301;102031;577.45;1;9730896402;S
20240301;102033;577.55;4;9730898061;B
20240301;102033;577.55;3;9730898062;B
20240301;102038;577.55;3;9730899723;B
20240301;102038;577.55;4;9730899724;B
20240301;102039;577.55;1;9730899897;B
20240301;102039;577.55;3;9730899898;B
20240301;102039;577.55;5;9730899899;B
20240301;102039;577.55;1;9730899900;B
20240301;102039;577.55;1;9730899901;B
20240301;102039;577.55;1;9730899902;B
20240301;102039;577.6;10;9730899903;B
20240301;102041;577.65;7;9730900641;B
20240301;102041;577.65;10;9730900642;B
20240301;102041;577.65;22;9730900643;B
20240301;102041;577.65;1;9730900660;B
20240301;102041;577.6;43;9730900666;S
20240301;102041;577.65;1;9730900695;B
20240301;102041;577.65;6;9730900696;B
20240301;102041;577.75;19;9730900697;B
20240301;102041;577.6;95;9730900735;S
20240301;102041;577.6;2;9730900736;S
20240301;102041;577.55;509;9730900737;S
20240301;102042;577.75;11;9730900784;B
20240301;102042;577.75;9;9730900785;B
20240301;102042;577.75;18;9730900786;B
20240301;102042;577.75;120;9730900787;B
20240301;102042;577.75;45;9730900788;B
20240301;102042;577.75;96;9730900789;B
20240301;102042;577.8;1;9730900877;B
20240301;102042;577.8;62;9730900931;B
20240301;102043;577.75;31;9730901086;S
20240301;102043;577.65;138;9730901087;S
20240301;102043;577.6;81;9730901088;S
20240301;102043;577.85;4;9730901112;B
20240301;102043;577.85;1;9730901113;B
20240301;102044;577.85;1;9730901305;B
20240301;102045;577.6;4;9730902254;S
20240301;102046;577.85;1;9730902311;B
20240301;102050;577.65;1;9730902904;S
20240301;102050;577.65;1;9730902905;S
20240301;102050;577.65;1;9730902907;S
20240301;102050;577.65;5;9730902910;S
20240301;102052;577.85;1;9730905210;B
20240301;102052;577.85;9;9730905211;B
20240301;102052;577.85;3;9730905245;B
20240301;102053;577.65;1;9730905343;S
20240301;102053;577.85;6;9730905430;B
20240301;102053;577.9;14;9730905431;B
20240301;102054;577.7;1;9730905475;S
20240301;102054;577.7;1;9730905484;S
20240301;102056;577.9;1;9730905838;B
20240301;102056;577.9;30;9730905839;B
20240301;102056;577.9;35;9730905840;B
20240301;102056;577.9;184;9730905841;S
20240301;102056;577.8;2;9730905868;B
20240301;102059;577.65;2;9730906519;S
20240301;102059;577.6;1;9730906596;S
20240301;102101;577.65;1;9730906825;B
20240301;102101;577.6;2;9730907713;S
20240301;102101;577.6;1;9730907744;S
20240301;102102;577.6;5;9730907790;S
20240301;102102;577.65;11;9730907947;S
20240301;102102;577.8;1;9730907954;B
20240301;102103;577.65;1;9730908080;S
20240301;102105;577.8;1;9730908411;B
20240301;102105;577.85;18;9730908412;B
20240301;102105;577.65;9;9730908480;S
20240301;102108;577.7;1;9730909463;S
20240301;102108;577.7;4;9730909500;S
20240301;102109;577.7;10;9730910606;S
20240301;102111;577.7;1;9730910861;S
20240301;102112;577.75;1;9730910986;B
20240301;102113;577.75;2;9730911365;S
20240301;102114;577.75;1;9730911589;S
20240301;102117;577.75;2;9730912655;S
20240301;102118;577.85;100;9730912781;S
20240301;102120;577.95;1;9730913852;B
20240301;102121;577.95;17;9730914035;B
20240301;102121;577.95;21;9730914036;B
20240301;102121;578;17;9730914037;B
20240301;102121;578;15;9730914038;B
20240301;102121;578;3;9730914039;B
20240301;102121;578;27;9730914040;B
20240301;102122;578.05;1;9730914186;B
20240301;102122;578.05;11;9730914187;B
20240301;102123;577.85;1;9730914477;S
20240301;102123;577.85;1;9730914478;S
20240301;102123;577.8;30;9730914479;S
20240301;102123;577.8;28;9730914480;S
20240301;102123;577.8;1;9730914481;S
20240301;102123;577.75;89;9730914482;S
20240301;102124;577.75;1;9730914584;S
20240301;102124;577.75;30;9730914599;S
20240301;102124;577.75;28;9730914600;S
20240301;102124;577.7;32;9730914601;S
20240301;102125;577.7;3;9730914727;S
20240301;102128;577.8;1;9730915893;S
20240301;102128;577.8;1;9730915910;S
20240301;102130;577.8;1;9730916451;S
20240301;102132;577.8;1;9730916833;S
20240301;102135;577.8;3;9730917442;S
20240301;102135;577.8;2;9730917495;S
20240301;102135;577.8;1;9730917505;S
20240301;102138;577.8;1;9730917964;S
20240301;102138;577.8;1;9730917966;S
20240301;102138;577.85;35;9730918009;B
20240301;102138;577.8;8;9730918018;S
20240301;102138;577.8;520;9730918019;S
20240301;102138;577.8;30;9730918020;S
20240301;102138;577.75;10;9730918021;S
20240301;102138;577.75;6;9730918023;S
20240301;102138;577.85;8;9730918024;B
20240301;102139;577.75;1;9730918918;S
20240301;102140;577.75;1;9730920003;S
20240301;102141;577.7;17;9730920376;S
20240301;102142;577.8;1;9730920430;B
20240301;102147;577.8;3;9730921414;B
20240301;102149;577.8;1;9730921879;B
20240301;102149;577.8;6;9730921943;B
20240301;102149;577.75;1;9730922028;S
20240301;102149;577.8;3;9730922031;B
20240301;102149;577.8;1;9730922083;B
20240301;102149;577.8;2;9730922095;B
20240301;102150;577.8;2;9730922210;B
20240301;102150;577.8;4;9730922226;B
20240301;102151;577.8;7;9730923475;B
20240301;102151;577.8;200;9730923476;B
20240301;102151;577.8;1;9730923587;S
20240301;102152;577.85;1;9730923713;B
20240301;102152;577.85;1;9730923786;B
20240301;102157;577.85;1;9730926040;B
20240301;102158;577.8;39;9730926502;S
20240301;102158;577.75;1;9730926503;S
20240301;102158;577.75;30;9730926504;S
20240301;102158;577.75;5;9730926507;B
20240301;102159;577.75;1;9730926642;B
20240301;102200;577.75;4;9730927221;B
20240301;102202;577.7;3;9730928182;S
20240301;102202;577.7;200;9730928191;S
20240301;102202;577.75;20;9730928224;B
20240301;102202;577.75;2;9730928225;B
20240301;102203;577.8;84;9730928533;S
20240301;102205;577.8;1;9730928763;S
20240301;102205;577.85;4;9730928860;B
20240301;102207;577.85;4;9730929334;B
20240301;102208;577.85;1;9730929368;B
20240301;102208;577.8;6;9730929405;S
20240301;102214;577.8;4;9730931578;S
20240301;102215;577.8;22;9730931660;S
20240301;102219;577.85;10;9730932235;B
20240301;102219;577.85;34;9730932348;B
20240301;102220;577.8;1;9730932418;S
20240301;102220;577.85;1;9730932428;B
20240301;102220;577.85;63;9730932452;S
20240301;102220;577.85;160;9730932560;S
20240301;102232;577.95;18;9730936477;B
20240301;102232;577.95;1;9730936478;B
20240301;102232;577.95;28;9730936479;B
20240301;102232;577.95;30;9730936480;B
20240301;102232;578;5;9730936481;B
20240301;102232;578;18;9730936482;B
20240301;102232;578;5;9730936483;B
20240301;102232;578;29;9730936484;B
20240301;102236;577.9;1;9730938897;S
20240301;102236;577.9;1;9730938898;S
20240301;102236;577.9;4;9730938899;S
20240301;102236;577.9;1;9730938900;S
20240301;102236;577.9;1;9730938901;S
20240301;102236;577.9;8;9730938902;S
20240301;102236;577.9;1;9730938903;S
20240301;102236;577.9;1;9730938904;S
20240301;102236;577.85;22;9730938905;S
20240301;102237;577.9;4;9730939570;S
20240301;102238;578;1;9730940210;B
20240301;102239;578;5;9730940658;B
20240301;102239;578;2;9730940666;B
20240301;102240;578;2;9730940928;B
20240301;102242;578;1;9730941470;B
20240301;102242;578;1;9730941490;B
20240301;102242;578;16;9730941491;B
20240301;102242;578;4;9730941492;B
20240301;102243;578;1;9730941737;B
20240301;102244;578;1;9730942137;B
20240301;102246;577.95;1;9730942511;S
20240301;102246;577.95;199;9730942512;S
20240301;102246;577.95;6;9730942513;S
20240301;102247;577.95;45;9730942602;S
20240301;102247;577.95;71;9730942603;S
20240301;102247;578;4;9730942658;B
20240301;102248;577.95;11;9730942698;S
20240301;102248;577.95;1;9730942842;S
20240301;102249;577.95;30;9730942900;S
20240301;102250;577.95;10;9730943721;S
20240301;102252;577.95;4;9730944219;S
20240301;102252;577.95;1;9730944220;S
20240301;102252;578;10;9730944363;B
20240301;102253;578;1;9730944426;B
20240301;102253;578;1;9730944431;B
20240301;102253;578;3;9730944547;B
20240301;102253;577.95;1;9730944548;S
20240301;102253;577.95;9;9730944575;S
20240301;102254;578;3;9730945542;B
20240301;102254;577.95;11;9730945638;S
20240301;102254;577.95;6;9730945639;S
20240301;102255;578;6;9730945654;B
20240301;102255;578;138;9730945655;B
20240301;102255;578;56;9730945656;B
20240301;102257;578;2;9730946914;B
20240301;102257;577.95;1;9730947004;S
20240301;102257;577.95;1;9730947005;S
20240301;102258;577.95;1;9730947091;S
20240301;102258;577.95;1;9730947208;S
20240301;102258;577.95;3;9730947238;S
20240301;102300;578;30;9730947506;B
20240301;102300;577.95;1;9730947555;S
20240301;102301;578;2;9730947666;B
20240301;102303;578;2;9730948266;B
20240301;102304;577.95;10;9730948352;S
20240301;102304;578;20;9730948362;B
20240301;102304;577.95;1;9730948393;S
20240301;102304;577.95;76;9730948449;S
20240301;102304;577.95;5;9730948450;S
20240301;102304;577.9;1;9730948451;S
20240301;102304;577.9;1;9730948452;S
20240301;102304;577.9;3;9730948453;S
20240301;102304;577.9;5;9730948454;S
20240301;102304;577.9;1;9730948455;S
20240301;102304;577.9;1;9730948456;S
20240301;102304;577.9;2;9730948457;S
20240301;102305;577.95;4;9730949788;B
20240301;102305;577.9;1;9730949789;S
20240301;102305;577.9;1;9730949790;S
20240301;102305;577.9;1;9730949810;S
20240301;102305;577.95;10;9730949816;B
20240301;102306;577.9;1;9730950355;S
20240301;102306;577.9;3;9730950356;S
20240301;102306;577.95;1;9730950377;B
20240301;102306;577.9;1;9730950479;S
20240301;102308;577.9;2;9730950836;S
20240301;102308;577.95;1;9730950853;B
20240301;102309;577.9;1;9730951180;S
20240301;102311;577.95;1;9730951570;B
20240301;102313;577.9;1;9730952218;S
20240301;102313;577.9;1;9730952219;S
20240301;102313;577.9;2;9730952220;S
20240301;102313;577.9;2;9730952221;S
20240301;102314;577.9;4;9730952246;S
20240301;102314;577.9;1;9730952247;S
20240301;102314;577.9;4;9730952248;S
20240301;102314;577.9;1;9730952249;S
20240301;102314;577.9;8;9730952260;B
20240301;102314;577.9;4;9730952261;B
20240301;102314;577.9;1;9730952263;B
20240301;102314;577.9;8;9730952272;B
20240301;102314;577.9;4;9730952275;B
20240301;102314;577.9;1;9730952277;B
20240301;102314;577.9;4;9730952282;B
20240301;102316;577.95;221;9730953617;B
20240301;102317;577.95;2;9730954247;B
20240301;102318;577.9;4;9730954736;S
20240301;102318;577.9;4;9730954737;S
20240301;102318;577.9;1;9730954738;S
20240301;102318;577.85;5;9730954739;S
20240301;102318;577.8;7;9730954740;S
20240301;102318;577.9;8;9730954751;B
20240301;102318;577.9;4;9730954754;B
20240301;102318;577.9;1;9730954755;B
20240301;102318;577.9;8;9730954777;B
20240301;102318;577.9;4;9730954780;B
20240301;102318;577.9;1;9730954781;B
20240301;102318;577.9;8;9730954809;B
20240301;102318;577.9;4;9730954811;B
20240301;102318;577.9;3;9730954827;B
20240301;102318;577.9;2;9730954833;B
20240301;102318;577.9;5;9730954845;B
20240301;102321;577.85;2;9730955646;B
20240301;102322;577.85;2;9730955712;B
20240301;102323;577.8;3;9730955878;S
20240301;102323;577.85;1;9730955890;B
20240301;102323;577.85;50;9730955997;B
20240301;102326;577.9;5;9730956596;B
20240301;102327;577.85;1;9730956915;B
20240301;102331;577.85;1;9730957666;B
20240301;102332;577.8;5;9730957873;S
20240301;102333;577.8;2;9730959006;S
20240301;102334;577.85;1;9730959100;B
20240301;102338;577.85;1;9730960574;B
20240301;102338;577.85;1;9730960607;B
20240301;102338;577.95;1;9730960608;B
20240301;102340;577.95;90;9730961026;B
20240301;102344;577.85;45;9730963589;S
20240301;102344;577.8;155;9730963590;S
20240301;102352;577.95;100;9730966432;B
20240301;102355;577.95;2;9730969224;B
20240301;102356;577.95;90;9730969305;B
20240301;102357;578;1;9730969531;B
20240301;102359;578;1;9730970246;B
20240301;102403;578;18;9730971519;B
20240301;102403;578;2;9730971520;B
20240301;102405;578;1;9730972694;B
20240301;102405;578;1;9730972695;B
20240301;102405;578;30;9730972720;B
20240301;102409;578;2;9730974319;B
20240301;102412;578;100;9730975905;B
20240301;102414;578;50;9730976327;B
20240301;102417;577.85;30;9730977560;S
20240301;102417;577.85;3;9730977561;S
20240301;102417;577.85;30;9730977562;S
20240301;102418;577.8;40;9730978013;S
20240301;102420;577.8;9;9730978552;S
20240301;102421;577.85;1;9730978824;B
20240301;102422;577.8;3;9730979350;S
20240301;102424;577.8;6;9730979769;S
20240301;102424;577.85;1;9730979839;B
20240301;102425;577.8;1;9730980851;S
20240301;102426;577.85;6;9730981142;B
20240301;102426;577.85;1;9730981152;B
20240301;102428;577.85;2;9730982698;B
20240301;102428;577.85;1;9730982712;B
20240301;102428;577.85;1;9730982750;B
20240301;102431;577.85;1;9730983451;B
20240301;102431;577.85;20;9730983520;B
20240301;102431;577.8;1;9730983528;S
20240301;102434;577.85;2;9730984655;B
20240301;102436;577.85;1;9730984894;B
20240301;102438;577.8;2;9730986051;S
20240301;102440;577.8;5;9730986334;S
20240301;102441;577.85;2;9730986967;B
20240301;102441;577.85;2;9730987215;B
20240301;102442;577.85;10;9730987244;B
20240301;102444;577.8;50;9730987533;S
20240301;102444;577.85;1;9730987542;B
20240301;102445;577.8;4;9730987587;S
20240301;102446;577.85;15;9730988239;B
20240301;102446;577.8;17;9730988252;S
20240301;102448;577.85;1;9730989269;B
20240301;102448;577.85;9;9730989336;B
20240301;102448;577.85;10;9730989358;B
20240301;102449;577.8;3;9730989486;S
20240301;102451;577.85;1;9730989838;B
20240301;102451;577.85;2;9730989849;B
20240301;102452;577.85;1;9730989958;B
20240301;102452;577.85;2;9730990329;B
20240301;102453;577.85;17;9730990524;B
20240301;102453;577.85;2;9730990585;B
20240301;102454;577.8;5;9730990616;S
20240301;102454;577.8;42;9730990653;S
20240301;102454;577.8;2;9730990654;S
20240301;102454;577.8;1;9730990655;S
20240301;102454;577.8;1349;9730990656;S
20240301;102457;577.8;3;9730991720;S
20240301;102458;577.8;850;9730991826;S
20240301;102458;577.8;10;9730991838;S
20240301;102500;577.8;1;9730992166;S
