<DATE>;<TIME>;<LAST>;<VOL>;<ID>;<OPER>
20240306;095939;585.7;2;9772141432;B
20240306;095939;585.7;8;9772141433;S
20240306;095939;585.7;35;9772141434;B
20240306;095939;585.7;3;9772141435;S
20240306;095939;585.7;1;9772141436;S
20240306;095939;585.7;4;9772141437;S
20240306;095939;585.7;3;9772141438;S
20240306;095939;585.7;54;9772141439;S
20240306;095939;585.7;85;9772141440;S
20240306;095939;585.7;1;9772141441;S
20240306;095939;585.7;20;9772141442;S
20240306;095939;585.7;3;9772141443;S
20240306;095939;585.7;4;9772141444;S
20240306;095939;585.7;3;9772141445;B
20240306;095939;585.7;30;9772141446;S
20240306;095939;585.7;1;9772141447;S
20240306;095939;585.7;4;9772141448;S
20240306;095939;585.7;30;9772141449;S
20240306;095939;585.7;1;9772141450;B
20240306;095939;585.7;5;9772141451;B
20240306;095939;585.7;10;9772141452;B
20240306;095939;585.7;3;9772141453;B
20240306;095939;585.7;1;9772141454;B
20240306;095939;585.7;19;9772141455;B
20240306;095939;585.7;1;9772141456;S
20240306;095939;585.7;20;9772141457;B
20240306;095939;585.7;140;9772141458;S
20240306;095939;585.7;5;9772141459;B
20240306;095939;585.7;30;9772141460;B
20240306;095939;585.7;31;9772141461;B
20240306;095939;585.7;119;9772141462;B
20240306;095939;585.7;1;9772141463;B
20240306;095939;585.7;1;9772141464;B
20240306;095939;585.7;1;9772141465;B
20240306;095939;585.7;5;9772141466;B
20240306;095939;585.7;8;9772141467;B
20240306;095939;585.7;1;9772141468;B
20240306;095939;585.7;1;9772141469;B
20240306;095939;585.7;1;9772141470;B
20240306;095939;585.7;4;9772141471;B
20240306;095939;585.7;1;9772141472;B
20240306;095939;585.7;1;9772141473;B
20240306;095939;585.7;3;9772141474;B
20240306;095939;585.7;3;9772141475;B
20240306;095939;585.7;3;9772141476;B
20240306;095939;585.7;4;9772141477;B
20240306;095939;585.7;2;9772141478;B
20240306;095939;585.7;2;9772141479;B
20240306;095939;585.7;3;9772141480;B
20240306;095939;585.7;1;9772141481;B
20240306;095939;585.7;1;9772141482;B
20240306;095939;585.7;1;9772141483;B
20240306;095939;585.7;10;9772141484;B
20240306;095939;585.7;2;9772141485;B
20240306;095939;585.7;3;9772141486;B
20240306;095939;585.7;4;9772141487;B
20240306;095939;585.7;2;9772141488;B
20240306;095939;585.7;90;9772141489;B
20240306;095939;585.7;1;9772141490;B
20240306;095939;585.7;9;9772141491;B
20240306;095939;585.7;54;9772141492;B
20240306;095939;585.7;1;9772141493;B
20240306;095939;585.7;6;9772141494;S
20240306;095939;585.7;100;9772141495;B
20240306;095939;585.7;26;9772141496;S
20240306;100000;585.75;6;9772146448;B
20240306;100000;585.75;15;9772146449;B
20240306;100000;585.75;3;9772146450;B
20240306;100000;585.75;45;9772146451;B
20240306;100000;585.7;15;9772146453;S
20240306;100000;585.7;4;9772146454;S
20240306;100000;585.7;69;9772146483;B
20240306;100000;585.7;69;9772146484;B
20240306;100000;585.7;69;9772146485;B
20240306;100000;585.7;191;9772146525;B
20240306;100000;585.7;417;9772146604;B
20240306;100000;585.9;5;9772146791;B
20240306;100000;585.6;1;9772146893;S
20240306;100001;585.8;4;9772147268;B
20240306;100001;585.8;287;9772147460;S
20240306;100001;585.85;1;9772147626;B
20240306;100002;585.85;400;9772148231;B
20240306;100003;585.85;1;9772148939;B
20240306;100004;585.85;2;9772149262;B
20240306;100004;585.85;1;9772149263;B
20240306;100004;585.7;1;9772149264;S
20240306;100004;585.85;2;9772149265;B
20240306;100004;585.7;2;9772149266;S
20240306;100004;585.85;1;9772149269;B
20240306;100004;585.85;3;9772149270;B
20240306;100004;585.95;1;9772149618;B
20240306;100004;585.7;1;9772149619;S
20240306;100004;585.95;1;9772149621;B
20240306;100004;585.95;1;9772149622;B
20240306;100004;585.95;2;9772149623;B
20240306;100005;585.95;9;9772149819;B
20240306;100005;585.7;2;9772149820;S
20240306;100005;585.7;2;9772149821;S
20240306;100005;585.7;2;9772149823;S
20240306;100005;585.95;4;9772149826;B
20240306;100005;585.95;1;9772150053;B
20240306;100005;585.95;2;9772150054;B
20240306;100005;585.7;1;9772150055;S
20240306;100005;585.95;3;9772150060;B
20240306;100005;585.95;3;9772150062;B
20240306;100005;585.95;5;9772150063;B
20240306;100005;585.7;2;9772150066;S
20240306;100005;585.95;1;9772150165;B
20240306;100005;585.95;40;9772150166;B
20240306;100005;585.95;1;9772150167;B
20240306;100005;585.7;2;9772150171;S
20240306;100005;585.95;1;9772150173;B
20240306;100005;585.95;2;9772150174;B
20240306;100005;585.95;1;9772150175;B
20240306;100006;585.7;3;9772150500;S
20240306;100006;585.9;1;9772150504;B
20240306;100006;585.7;2;9772150506;S
20240306;100006;585.7;15;9772150507;S
20240306;100006;585.9;1;9772150509;B
20240306;100006;585.9;2;9772150511;B
20240306;100006;585.9;5;9772150514;B
20240306;100006;585.7;1;9772150516;S
20240306;100006;585.7;1;9772150517;S
20240306;100006;585.7;2;9772150521;S
20240306;100006;585.7;10;9772150716;S
20240306;100006;585.7;1;9772150719;S
20240306;100006;585.9;2;9772150722;B
20240306;100006;585.9;8;9772150725;B
20240306;100006;585.7;2;9772150726;S
20240306;100006;585.9;1;9772150739;B
20240306;100006;585.9;2;9772150742;B
20240306;100006;585.7;2;9772150743;S
20240306;100006;585.9;1;9772150748;B
20240306;100006;585.9;2;9772150749;B
20240306;100006;585.9;2;9772150751;B
20240306;100006;585.9;3;9772150752;B
20240306;100006;585.9;4;9772150970;B
20240306;100006;585.9;2;9772150983;B
20240306;100006;585.9;1;9772150984;B
20240306;100006;585.7;61;9772150990;S
20240306;100006;585.7;2;9772150997;S
20240306;100006;585.9;1;9772151225;B
20240306;100006;585.9;3;9772151226;B
20240306;100006;585.7;190;9772151227;S
20240306;100006;585.7;1;9772151464;S
20240306;100006;585.7;1;9772151465;S
20240306;100006;585.7;1;9772151466;S
20240306;100006;586;1;9772151467;B
20240306;100006;585.7;20;9772151471;S
20240306;100006;585.7;2;9772151692;S
20240306;100006;585.95;5;9772151694;B
20240306;100006;585.95;1;9772151695;B
20240306;100006;585.95;2;9772151698;B
20240306;100006;585.7;94;9772151701;S
20240306;100006;585.7;56;9772151702;S
20240306;100006;585.95;2;9772151703;B
20240306;100006;585.95;200;9772151704;B
20240306;100006;585.75;1;9772151753;S
20240306;100006;585.95;1;9772151755;B
20240306;100006;585.75;1;9772151756;S
20240306;100006;585.75;2;9772151758;S
20240306;100006;585.95;2;9772151759;B
20240306;100006;585.95;1;9772151839;B
20240306;100006;585.95;5;9772151840;B
20240306;100007;585.95;1;9772151841;B
20240306;100007;585.75;1;9772151847;S
20240306;100007;585.95;1;9772151922;B
20240306;100007;585.95;2;9772151923;B
20240306;100007;585.95;1;9772151924;B
20240306;100007;585.75;1;9772151926;S
20240306;100007;585.75;2;9772151927;S
20240306;100007;585.95;2;9772151928;B
20240306;100007;585.95;1;9772152083;B
20240306;100007;585.75;2;9772152084;S
20240306;100007;585.75;2;9772152085;S
20240306;100007;585.75;1;9772152086;S
20240306;100007;585.95;2;9772152087;B
20240306;100007;585.75;2;9772152311;S
20240306;100007;585.75;1;9772152312;S
20240306;100007;585.95;1;9772152313;B
20240306;100007;585.95;1;9772152315;B
20240306;100007;585.75;1;9772152316;S
20240306;100007;585.95;1;9772152318;B
20240306;100007;585.95;1;9772152319;B
20240306;100007;585.75;2;9772152320;S
20240306;100007;585.75;1;9772152321;S
20240306;100007;585.75;3;9772152322;S
20240306;100007;585.95;20;9772152404;B
20240306;100007;585.95;1;9772152413;B
20240306;100007;585.75;2;9772152415;S
20240306;100007;585.95;2;9772152420;B
20240306;100007;585.95;1;9772152428;B
20240306;100007;585.75;1;9772152448;S
20240306;100007;585.95;2;9772152449;B
20240306;100007;585.95;1;9772152450;B
20240306;100007;585.95;1;9772152451;B
20240306;100007;585.75;4;9772152452;S
20240306;100007;585.95;1;9772152453;B
20240306;100007;585.95;1;9772152454;B
20240306;100007;585.75;1;9772152455;S
20240306;100007;585.75;2;9772152456;S
20240306;100007;585.95;1;9772152465;B
20240306;100007;585.75;2;9772152466;S
20240306;100007;585.75;2;9772152588;S
20240306;100007;586;1;9772152849;B
20240306;100007;586;1;9772152852;B
20240306;100007;585.75;1;9772152853;S
20240306;100007;586;1;9772152854;B
20240306;100007;585.75;1;9772152855;S
20240306;100007;586;1;9772152856;B
20240306;100007;586;1;9772152858;B
20240306;100007;586;1;9772152859;B
20240306;100007;585.75;2;9772152864;S
20240306;100007;585.75;1;9772152865;S
20240306;100007;586;1;9772152909;B
20240306;100007;586;2;9772152912;B
20240306;100007;585.75;1;9772152915;S
20240306;100007;585.75;2;9772152916;S
20240306;100007;586;1;9772152918;B
20240306;100008;585.75;3;9772153297;S
20240306;100008;586;1;9772153298;B
20240306;100008;585.75;1;9772153299;S
20240306;100008;586;1;9772153300;B
20240306;100008;585.75;2;9772153301;S
20240306;100008;585.7;4;9772153733;S
20240306;100008;585.7;2;9772153735;S
20240306;100008;586;1;9772153736;B
20240306;100008;586;9;9772153737;B
20240306;100008;586;2;9772153738;B
20240306;100008;586;2;9772153739;B
20240306;100008;586;72;9772153740;B
20240306;100008;586;2;9772153741;B
20240306;100008;586;2;9772153742;B
20240306;100008;585.7;2;9772153743;S
20240306;100008;585.7;2;9772153744;S
20240306;100008;585.7;1;9772153746;S
20240306;100009;585.75;3;9772153960;S
20240306;100011;585.75;4;9772154392;S
20240306;100011;586.05;7;9772154590;B
20240306;100011;586.05;7;9772154595;B
20240306;100014;585.75;1;9772155095;S
20240306;100014;585.75;5;9772155139;S
20240306;100014;585.75;7;9772155149;S
20240306;100015;585.75;5;9772155403;S
20240306;100015;586;1;9772155599;B
20240306;100015;586.05;2;9772155600;B
20240306;100016;586.05;4;9772155739;B
20240306;100020;586;2;9772156420;B
20240306;100020;586.05;47;9772156423;B
20240306;100020;586.1;5;9772156443;B
20240306;100020;586.1;131;9772156444;B
20240306;100020;586.1;63;9772156454;B
20240306;100020;586.1;73;9772156455;B
20240306;100020;586.15;1;9772156460;B
20240306;100020;586.15;135;9772156461;B
20240306;100020;586.15;136;9772156464;B
20240306;100020;586.15;79;9772156468;B
20240306;100020;586.2;5;9772156473;B
20240306;100020;586.25;136;9772156474;B
20240306;100020;586.25;136;9772156480;B
20240306;100021;586.15;1;9772156923;S
20240306;100022;586.15;1;9772156960;S
20240306;100022;586.15;5;9772157015;S
20240306;100022;586.2;136;9772157031;B
20240306;100022;586.2;1;9772157111;B
20240306;100022;586.2;136;9772157135;B
20240306;100024;586.2;2;9772157598;B
20240306;100025;586.15;86;9772157691;S
20240306;100025;586.15;136;9772157692;S
20240306;100025;585.95;426;9772157702;S
20240306;100025;585.95;136;9772157703;S
20240306;100025;585.9;50;9772157704;S
20240306;100025;585.9;136;9772157705;S
20240306;100025;585.85;136;9772157706;S
20240306;100025;585.85;514;9772157709;B
20240306;100025;585.85;102;9772157710;B
20240306;100025;585.85;1;9772157748;S
20240306;100025;586.05;1;9772157836;S
20240306;100025;586.05;2;9772157837;S
20240306;100027;586.1;1;9772158084;S
20240306;100027;586.1;3;9772158188;S
20240306;100027;586.1;2;9772158314;S
20240306;100027;586.15;50;9772158367;B
20240306;100027;586.15;109;9772158368;B
20240306;100027;586.2;41;9772158369;B
20240306;100028;586.15;9;9772158658;B
20240306;100028;586.1;58;9772158814;S
20240306;100029;585.95;4;9772158973;S
20240306;100029;586.1;4;9772159033;B
20240306;100029;586.1;2;9772159097;B
20240306;100029;585.85;3;9772159311;S
20240306;100029;586.1;12;9772159352;B
20240306;100030;586.1;2;9772159569;B
20240306;100032;586.05;36;9772160643;S
20240306;100032;586.05;1;9772161110;S
20240306;100032;586.1;1;9772161247;B
20240306;100034;585.8;1;9772162690;S
20240306;100034;586;1;9772162747;B
20240306;100034;585.8;135;9772162818;S
20240306;100034;585.75;1;9772162819;S
20240306;100034;585.75;136;9772162820;S
20240306;100034;585.7;136;9772162821;S
20240306;100034;585.7;50;9772162822;S
20240306;100034;585.7;42;9772162823;S
20240306;100035;585.7;478;9772163060;S
20240306;100035;585.65;22;9772163061;S
20240306;100035;585.85;50;9772163195;B
20240306;100035;585.9;170;9772163196;B
20240306;100036;585.9;1;9772163261;B
20240306;100036;585.65;114;9772163362;S
20240306;100036;585.65;142;9772163363;S
20240306;100037;585.65;65;9772163567;S
20240306;100038;585.65;1;9772163783;S
20240306;100038;585.6;6;9772163914;S
20240306;100038;585.6;13;9772163975;S
20240306;100038;585.6;4;9772163988;S
20240306;100039;585.6;50;9772164105;S
20240306;100039;585.6;1;9772164220;S
20240306;100039;585.6;14;9772164248;S
20240306;100039;585.6;3;9772164368;S
20240306;100040;585.65;10;9772164613;B
20240306;100041;585.6;9;9772164943;S
20240306;100041;585.6;16;9772164944;S
20240306;100041;585.6;100;9772164945;S
20240306;100041;585.6;5;9772164946;S
20240306;100041;585.6;3;9772164947;S
20240306;100041;585.6;192;9772164948;S
20240306;100041;585.6;27;9772164949;S
20240306;100041;585.6;6;9772165177;S
20240306;100041;585.6;22;9772165178;S
20240306;100041;585.6;1;9772165190;S
20240306;100041;585.6;4;9772165233;S
20240306;100041;585.6;12;9772165234;S
20240306;100041;585.6;1;9772165252;S
20240306;100041;585.6;4;9772165327;S
20240306;100041;585.6;14;9772165328;S
20240306;100042;585.6;1;9772165843;S
20240306;100042;585.6;3;9772165844;S
20240306;100042;585.6;12;9772165991;S
20240306;100042;585.6;40;9772165992;S
20240306;100042;585.6;4;9772166059;S
20240306;100042;585.6;12;9772166060;S
20240306;100042;585.6;25;9772166088;S
20240306;100042;585.6;8;9772166089;S
20240306;100042;585.6;8;9772166162;S
20240306;100042;585.6;26;9772166163;S
20240306;100042;585.6;2;9772166170;S
20240306;100042;585.6;6;9772166171;S
20240306;100042;585.6;1;9772166176;S
20240306;100042;585.6;4;9772166177;S
20240306;100042;585.6;1;9772166245;S
20240306;100042;585.6;5;9772166246;S
20240306;100042;585.6;2;9772166254;S
20240306;100042;585.6;6;9772166255;S
20240306;100042;585.6;1;9772166257;S
20240306;100042;585.6;3;9772166258;S
20240306;100042;585.65;70;9772166281;B
20240306;100042;585.6;1;9772166285;S
20240306;100042;585.6;4;9772166286;S
20240306;100042;585.65;1;9772166319;B
20240306;100042;585.6;2;9772166385;S
20240306;100043;585.6;450;9772166597;S
20240306;100043;585.6;1;9772166598;S
20240306;100043;585.6;9;9772166599;S
20240306;100043;585.6;1;9772166853;S
20240306;100043;585.6;8;9772167062;S
20240306;100043;585.6;25;9772167063;S
20240306;100043;585.6;1;9772167071;S
20240306;100043;585.6;2;9772167072;S
20240306;100043;585.6;1;9772167161;S
20240306;100043;585.6;1;9772167162;S
20240306;100043;585.6;1;9772167330;S
20240306;100043;585.6;1;9772167331;S
20240306;100043;585.6;8;9772167332;S
20240306;100044;585.6;100;9772167665;S
20240306;100044;585.6;1;9772167744;S
20240306;100044;585.6;500;9772167746;S
20240306;100044;585.6;500;9772167747;S
20240306;100044;585.6;300;9772167748;S
20240306;100044;585.6;100;9772167749;S
20240306;100044;585.6;30;9772167750;S
20240306;100044;585.6;270;9772167751;S
20240306;100044;585.6;1;9772167791;S
20240306;100044;585.6;2;9772167792;S
20240306;100045;585.6;4;9772168176;S
20240306;100045;585.6;854;9772168589;S
20240306;100046;585.6;100;9772168634;S
20240306;100046;585.6;3;9772168767;S
20240306;100046;585.6;1;9772168810;S
20240306;100046;585.6;3;9772168811;S
20240306;100046;585.6;2;9772168872;S
20240306;100046;585.65;2;9772168897;B
20240306;100046;585.6;1;9772168922;S
20240306;100047;585.6;4;9772169292;S
20240306;100049;585.6;100;9772170007;S
20240306;100050;585.6;64;9772170139;S
20240306;100051;585.6;5;9772170543;S
20240306;100051;585.65;1;9772170587;B
20240306;100051;585.65;3;9772170694;B
20240306;100052;585.65;70;9772170875;B
20240306;100052;585.6;86;9772170943;S
20240306;100052;585.55;11;9772170944;S
20240306;100052;585.55;11;9772170945;S
20240306;100052;585.55;1;9772170946;S
20240306;100052;585.55;100;9772170947;S
20240306;100052;585.55;1;9772170948;S
20240306;100052;585.55;5;9772170949;S
20240306;100052;585.55;3;9772170950;S
20240306;100052;585.55;6;9772170951;S
20240306;100052;585.55;3;9772170952;S
20240306;100052;585.55;2;9772170953;S
20240306;100052;585.55;2;9772170954;S
20240306;100052;585.55;2;9772170955;S
20240306;100052;585.55;2;9772170956;S
20240306;100052;585.55;1;9772170957;S
20240306;100052;585.55;17;9772170958;S
20240306;100052;585.55;1;9772170959;S
20240306;100052;585.55;1;9772170960;S
20240306;100052;585.55;2;9772170961;S
20240306;100052;585.55;1;9772170962;S
20240306;100052;585.55;1;9772170963;S
20240306;100052;585.55;90;9772170964;S
20240306;100052;585.55;200;9772170965;S
20240306;100052;585.55;1;9772170966;S
20240306;100052;585.55;1;9772170967;S
20240306;100052;585.55;1;9772170968;S
20240306;100052;585.55;8;9772170969;S
20240306;100052;585.55;2;9772170970;S
20240306;100052;585.55;5;9772170971;S
20240306;100052;585.55;7;9772170972;S
20240306;100052;585.55;2;9772170973;S
20240306;100052;585.55;1;9772170974;S
20240306;100052;585.55;328;9772170975;S
20240306;100052;585.55;1;9772170976;S
20240306;100052;585.55;1;9772170977;S
20240306;100052;585.55;2;9772170978;S
20240306;100052;585.55;2;9772170979;S
20240306;100052;585.55;5;9772170980;S
20240306;100052;585.55;50;9772170981;S
20240306;100052;585.55;40;9772170982;S
20240306;100052;585.55;311;9772170983;S
20240306;100052;585.55;3;9772170984;S
20240306;100052;585.55;5;9772170985;S
20240306;100052;585.55;1;9772170986;S
20240306;100052;585.55;1;9772170987;S
20240306;100052;585.55;8;9772170988;S
20240306;100052;585.55;2;9772170989;S
20240306;100052;585.55;1;9772170990;S
20240306;100052;585.5;4;9772170991;S
20240306;100052;585.5;2;9772170992;S
20240306;100052;585.5;7;9772170993;S
20240306;100052;585.5;434;9772170994;S
20240306;100053;585.5;108;9772171135;S
20240306;100053;585.5;396;9772171152;S
20240306;100053;585.55;21;9772171191;B
20240306;100053;585.5;400;9772171239;S
20240306;100053;585.5;500;9772171251;S
20240306;100053;585.5;500;9772171277;S
20240306;100054;585.55;300;9772171368;S
20240306;100054;585.5;673;9772171369;S
20240306;100055;585.6;1;9772171643;B
20240306;100055;585.6;3;9772171662;B
20240306;100056;585.55;5;9772171776;S
20240306;100056;585.5;195;9772171777;S
20240306;100056;585.65;1;9772171906;B
20240306;100059;585.55;3;9772172710;S
20240306;100100;585.6;1;9772172819;B
20240306;100100;585.65;10;9772173014;B
20240306;100101;585.65;89;9772173052;B
20240306;100101;585.65;186;9772173053;B
20240306;100102;585.55;7;9772173458;S
20240306;100102;585.55;50;9772173459;S
20240306;100102;585.55;426;9772173460;S
20240306;100102;585.5;1067;9772173461;S
20240306;100108;585.6;10;9772174583;B
20240306;100108;585.6;1;9772174612;B
20240306;100108;585.6;35;9772174613;B
20240306;100108;585.6;1;9772174673;B
20240306;100109;585.6;1;9772174753;B
20240306;100110;585.55;2;9772175000;S
20240306;100111;585.6;63;9772175113;B
20240306;100111;585.6;12;9772175117;S
20240306;100115;585.65;1;9772175625;B
20240306;100119;585.6;3;9772176339;B
20240306;100119;585.6;18;9772176340;S
20240306;100122;585.6;4;9772176751;B
20240306;100126;585.6;35;9772177333;B
20240306;100126;585.65;13;9772177334;B
20240306;100126;585.75;50;9772177335;B
20240306;100126;585.75;32;9772177336;B
20240306;100131;585.75;40;9772178277;B
20240306;100131;585.7;3;9772178451;S
20240306;100131;585.6;1;9772178452;S
20240306;100134;585.6;14;9772178969;S
20240306;100134;585.6;50;9772178970;S
20240306;100134;585.55;8;9772178971;S
20240306;100134;585.55;10;9772178972;S
20240306;100134;585.55;10;9772178973;S
20240306;100134;585.55;10;9772178974;S
20240306;100134;585.55;10;9772178975;S
20240306;100134;585.55;10;9772178976;S
20240306;100134;585.55;100;9772178977;S
20240306;100134;585.5;278;9772178978;S
20240306;100134;585.7;1;9772178997;B
20240306;100137;585.5;5;9772179470;S
20240306;100137;585.7;1;9772179484;B
20240306;100138;585.7;1;9772179516;B
20240306;100143;585.7;8;9772180411;B
20240306;100143;585.7;20;9772180412;B
20240306;100143;585.75;3;9772180419;B
20240306;100145;585.8;21;9772180706;B
20240306;100146;585.85;12;9772180825;B
20240306;100146;585.7;40;9772180884;S
20240306;100146;585.65;11;9772180885;S
20240306;100146;585.85;37;9772180928;B
20240306;100150;585.9;1;9772181423;B
20240306;100150;585.9;2;9772181424;B
20240306;100154;585.7;10;9772182091;S
20240306;100159;585.9;3;9772182914;B
20240306;100159;585.95;12;9772182915;B
20240306;100159;586;10;9772182916;B
20240306;100159;586;50;9772182917;B
20240306;100159;586.05;10;9772182918;B
20240306;100159;586.05;115;9772182919;B
20240306;100200;585.75;1;9772183108;S
20240306;100200;586.1;14;9772183124;B
20240306;100200;586.1;103;9772183197;B
20240306;100201;586.1;19;9772183381;B
20240306;100201;586.1;114;9772183507;S
20240306;100201;586.05;31;9772183508;S
20240306;100202;586.15;1;9772183735;B
20240306;100204;586.15;1;9772184179;B
20240306;100206;586;4;9772184568;B
20240306;100207;586;10;9772184652;B
20240306;100207;585.95;8;9772184719;S
20240306;100208;585.95;4;9772184872;S
20240306;100208;585.95;2;9772184873;S
20240306;100209;586;1;9772185009;B
20240306;100209;586;4;9772185053;B
20240306;100209;585.95;6;9772185056;S
20240306;100209;585.9;28;9772185057;S
20240306;100209;585.85;19;9772185058;S
20240306;100210;586;1;9772185160;B
20240306;100210;586.1;4;9772185161;B
20240306;100213;586;1;9772185623;S
20240306;100215;586.05;50;9772186035;B
20240306;100216;586.05;1;9772186153;B
20240306;100216;586.05;10;9772186165;B
20240306;100217;586;3;9772186305;S
20240306;100217;586;4;9772186306;S
20240306;100217;586;10;9772186315;B
20240306;100218;586;33;9772186571;B
20240306;100218;586;24;9772186572;B
20240306;100218;586.05;4;9772186573;B
20240306;100218;586.05;334;9772186574;B
20240306;100218;586.1;20;9772186575;B
20240306;100218;586.1;8;9772186576;B
20240306;100218;586.1;2277;9772186577;B
20240306;100219;586.1;1;9772186788;B
20240306;100222;586.1;100;9772187210;B
20240306;100224;585.95;4;9772187449;S
20240306;100226;586.1;622;9772187822;B
20240306;100226;586.15;20;9772187823;B
20240306;100226;586.2;20;9772187824;B
20240306;100226;586.2;100;9772187825;B
20240306;100226;586.25;20;9772187826;B
20240306;100226;586.3;6;9772187827;B
20240306;100226;586.3;1;9772187828;B
20240306;100226;586.3;25;9772187829;B
20240306;100226;586.3;100;9772187830;B
20240306;100226;586.3;30;9772187831;B
20240306;100226;586.3;12;9772187832;B
20240306;100226;586.25;5;9772187870;B
20240306;100229;586.1;5;9772188254;S
20240306;100230;586.25;20;9772188541;B
20240306;100230;586.25;14;9772188542;B
20240306;100234;586.25;1;9772189038;B
20240306;100234;586.2;7;9772189045;S
20240306;100234;586.15;14;9772189046;S
20240306;100236;586.25;1;9772189352;B
20240306;100236;586.25;3;9772189401;B
20240306;100238;586.15;14;9772189578;S
20240306;100238;586.25;13;9772189678;B
20240306;100239;586.25;4;9772189829;B
20240306;100239;586.25;10;9772189830;B
20240306;100239;586.25;100;9772189831;B
20240306;100240;586.3;180;9772190017;B
20240306;100240;586.3;20;9772190039;B
20240306;100240;586.35;1;9772190047;B
20240306;100243;586.35;135;9772190554;B
20240306;100243;586.35;35;9772190555;B
20240306;100243;586.35;1;9772190591;B
20240306;100245;586.3;50;9772190874;S
20240306;100245;586.25;5;9772190875;S
20240306;100248;586.25;1;9772191332;S
20240306;100248;586.3;1;9772191375;B
20240306;100249;586.3;1;9772191499;B
20240306;100249;586.25;7;9772191660;S
20240306;100250;586.3;1;9772192233;B
20240306;100252;586.3;25;9772192785;B
20240306;100253;586.25;1;9772192895;S
20240306;100253;586.3;1;9772193072;B
20240306;100254;586.3;107;9772193242;B
20240306;100254;586.3;20;9772193243;B
20240306;100254;586.35;73;9772193244;B
20240306;100254;586.35;1;9772193251;B
20240306;100255;586.3;161;9772193447;S
20240306;100255;586.25;106;9772193469;S
20240306;100257;586.3;1;9772193703;B
20240306;100257;586.3;1;9772193830;B
20240306;100257;586.3;205;9772193840;B
20240306;100257;586.3;136;9772193841;B
20240306;100257;586.3;64;9772193842;B
20240306;100257;586.3;20;9772193843;B
20240306;100257;586.3;108;9772193844;B
20240306;100258;586.25;55;9772193922;S
20240306;100259;586.25;1;9772194134;S
20240306;100301;586.3;2;9772194363;B
20240306;100301;586.3;5;9772194413;B
20240306;100302;586.3;1;9772194546;B
20240306;100302;586.3;1;9772194631;B
20240306;100304;586.25;200;9772194937;S
20240306;100305;586.25;1;9772195086;S
20240306;100308;586.3;2;9772195516;B
20240306;100308;586.25;1;9772195647;S
20240306;100308;586.3;1;9772195666;B
20240306;100309;586.3;17;9772195837;B
20240306;100309;586.3;35;9772195838;B
20240306;100309;586.3;20;9772195839;B
20240306;100310;586.3;25;9772195952;S
20240306;100314;586.35;1;9772196579;B
20240306;100314;586.35;17;9772196580;B
20240306;100315;586.3;26;9772196867;S
20240306;100318;586.3;34;9772197251;S
20240306;100318;586.3;12;9772197396;S
20240306;100318;586.4;20;9772197649;B
20240306;100318;586.4;300;9772197650;B
20240306;100318;586.4;25;9772197651;B
20240306;100318;586.4;25;9772197652;B
20240306;100318;586.4;410;9772197653;B
20240306;100318;586.45;1;9772197654;B
20240306;100318;586.45;20;9772197655;B
20240306;100318;586.45;50;9772197656;B
20240306;100318;586.45;136;9772197657;B
20240306;100318;586.45;200;9772197658;B
20240306;100318;586.5;16;9772197659;B
20240306;100318;586.5;136;9772197660;B
20240306;100318;586.5;61;9772197661;B
20240306;100319;586.3;200;9772197700;S
20240306;100319;586.45;1;9772197969;B
20240306;100319;586.45;11;9772198022;B
20240306;100319;586.5;200;9772198023;B
20240306;100319;586.5;300;9772198024;B
20240306;100319;586.5;489;9772198025;B
20240306;100321;586.3;1;9772198507;S
20240306;100322;586.3;21;9772198542;S
20240306;100322;586.3;35;9772198583;S
20240306;100324;586.45;1;9772198774;B
20240306;100327;586.45;19;9772199306;B
20240306;100328;586.5;150;9772199439;B
20240306;100328;586.45;2;9772199484;S
20240306;100330;586.45;1;9772199634;S
20240306;100330;586.45;15;9772199705;S
20240306;100330;586.45;2;9772199745;S
20240306;100331;586.5;4;9772199775;B
20240306;100331;586.45;261;9772199793;S
20240306;100331;586.3;74;9772199794;S
20240306;100331;586.3;85;9772199795;S
20240306;100331;586.3;36;9772199796;S
20240306;100331;586.3;16;9772199797;S
20240306;100331;586.5;3;9772199838;B
20240306;100334;586.4;55;9772200261;B
20240306;100334;586.4;2;9772200262;S
20240306;100334;586.45;1;9772200279;B
20240306;100334;586.45;493;9772200373;B
20240306;100334;586.45;50;9772200374;B
20240306;100334;586.5;1;9772200375;B
20240306;100334;586.5;5;9772200376;B
20240306;100334;586.5;20;9772200377;B
20240306;100334;586.5;200;9772200378;B
20240306;100334;586.5;36;9772200379;B
20240306;100334;586.5;55;9772200380;B
20240306;100334;586.55;1;9772200381;B
20240306;100334;586.55;1;9772200382;B
20240306;100334;586.6;1;9772200383;B
20240306;100334;586.6;100;9772200384;B
20240306;100334;586.6;3;9772200385;B
20240306;100334;586.6;3;9772200386;B
20240306;100334;586.6;20;9772200387;B
20240306;100334;586.6;16;9772200388;B
20240306;100334;586.6;136;9772200389;B
20240306;100334;586.65;20;9772200390;B
20240306;100334;586.65;136;9772200391;B
20240306;100334;586.65;300;9772200392;B
20240306;100334;586.7;20;9772200393;B
20240306;100334;586.7;136;9772200394;B
20240306;100334;586.7;426;9772200395;B
20240306;100334;586.75;1;9772200396;B
20240306;100334;586.75;2;9772200397;B
20240306;100334;586.75;1394;9772200398;B
20240306;100335;586.65;2;9772200501;B
20240306;100336;586.45;50;9772200733;S
20240306;100336;586.45;35;9772200734;S
20240306;100338;586.5;2;9772201001;B
20240306;100338;586.5;8;9772201002;B
20240306;100340;586.5;1;9772201341;S
20240306;100340;586.5;49;9772201342;B
20240306;100343;586.6;1;9772201625;B
20240306;100343;586.7;70;9772201882;B
20240306;100344;586.8;8;9772202069;B
20240306;100344;586.8;17;9772202070;B
20240306;100344;586.75;1;9772202119;S
20240306;100345;586.8;3;9772202209;B
20240306;100345;586.8;17;9772202210;B
20240306;100345;586.85;14;9772202233;B
20240306;100345;586.85;15;9772202246;B
20240306;100345;586.85;20;9772202247;B
20240306;100346;586.9;1;9772202412;B
20240306;100346;586.9;25;9772202413;B
20240306;100346;586.9;24;9772202414;B
20240306;100349;586.9;4;9772202715;B
20240306;100352;586.9;1;9772203232;B
20240306;100354;586.9;5;9772203544;B
20240306;100354;586.9;20;9772203545;B
20240306;100354;586.9;10;9772203546;B
20240306;100354;586.95;5;9772203547;B
20240306;100354;586.95;100;9772203548;B
20240306;100354;586.95;1;9772203549;B
20240306;100354;586.95;10;9772203550;B
20240306;100354;586.95;58;9772203551;B
20240306;100355;586.95;43;9772203582;B
20240306;100355;586.95;1;9772203584;B
20240306;100355;586.95;34;9772203606;B
20240306;100355;586.95;14;9772203607;B
20240306;100355;586.95;19;9772203649;B
20240306;100355;586.95;10;9772203650;B
20240306;100355;586.95;21;9772203651;B
20240306;100356;586.95;100;9772203741;B
20240306;100356;586.95;118;9772203804;B
20240306;100357;586.9;50;9772203853;S
20240306;100357;586.95;2;9772203875;B
20240306;100357;586.95;16;9772203923;B
20240306;100357;587;9;9772203924;B
20240306;100358;586.95;425;9772204018;B
20240306;100358;587;68;9772204019;B
20240306;100358;587;17;9772204020;B
20240306;100358;587;490;9772204021;B
20240306;100358;587;4;9772204029;B
20240306;100358;587;6;9772204035;B
20240306;100359;587;20;9772204107;B
20240306;100359;587;3;9772204108;B
20240306;100359;587;22;9772204132;B
20240306;100359;586.95;10;9772204180;S
20240306;100359;587;20;9772204187;B
20240306;100359;587;1;9772204188;B
20240306;100359;587;1;9772204189;B
20240306;100359;587;2;9772204190;B
20240306;100359;587;1;9772204191;B
20240306;100359;587;2;9772204192;B
20240306;100359;587;1;9772204193;B
20240306;100359;587;1;9772204194;B
20240306;100359;587;21;9772204195;B
20240306;100400;586.95;1;9772204273;S
20240306;100400;587;5;9772204313;B
20240306;100400;587;11;9772204328;B
20240306;100401;586.95;3;9772204486;S
20240306;100402;586.95;10;9772204577;S
20240306;100403;586.95;1;9772204728;S
20240306;100403;587;25;9772204743;B
20240306;100403;587;2;9772204779;B
20240306;100405;587;40;9772205029;B
20240306;100405;586.95;1;9772205073;S
20240306;100406;586.95;24;9772205144;S
20240306;100406;586.95;5;9772205145;S
20240306;100406;586.9;21;9772205146;S
20240306;100406;587;5;9772205223;B
20240306;100406;587;10;9772205254;B
20240306;100407;586.9;2;9772205451;S
20240306;100408;586.95;1;9772205551;B
20240306;100408;586.95;1;9772205594;B
20240306;100410;586.95;18;9772205947;B
20240306;100410;586.95;20;9772205948;B
20240306;100410;586.95;5;9772205949;B
20240306;100410;587;7;9772205950;B
20240306;100411;586.95;2;9772206120;S
20240306;100414;587;84;9772206438;B
20240306;100415;587;10;9772206675;B
20240306;100416;587;1;9772206766;B
20240306;100416;587;3;9772206799;B
20240306;100416;587;3;9772206800;B
20240306;100417;586.95;10;9772206888;S
20240306;100417;587;1;9772206910;B
20240306;100418;587;3;9772207000;B
20240306;100418;587;3;9772207014;B
20240306;100418;587;1;9772207015;B
20240306;100418;587;1;9772207062;B
20240306;100418;586.95;1;9772207079;S
20240306;100420;586.95;1;9772207275;S
20240306;100420;586.95;2;9772207299;S
20240306;100421;587;9;9772207382;B
20240306;100421;587;10;9772207383;B
20240306;100421;587;5;9772207384;B
20240306;100421;587;4;9772207385;B
20240306;100421;587;1;9772207386;B
20240306;100421;587;21;9772207387;B
20240306;100421;586.95;22;9772207485;S
20240306;100422;586.95;6;9772207559;S
20240306;100422;586.95;9;9772207613;S
20240306;100423;587;79;9772207755;B
20240306;100423;587;4;9772207756;B
20240306;100423;587;15;9772207757;B
20240306;100423;587;34;9772207758;B
20240306;100423;587;20;9772207759;B
20240306;100423;587;100;9772207760;B
20240306;100423;587;136;9772207761;B
20240306;100423;587;12;9772207762;B
20240306;100426;586.95;2;9772208143;S
20240306;100427;586.95;1;9772208260;S
20240306;100428;586.95;100;9772208383;S
20240306;100428;587;10;9772208388;B
20240306;100429;587;69;9772208491;B
20240306;100429;587;31;9772208492;B
20240306;100430;587;2;9772208647;B
20240306;100432;587;1;9772208941;B
20240306;100433;587;10;9772208991;B
20240306;100433;586.95;22;9772209092;S
20240306;100433;587;1;9772209094;B
20240306;100435;586.95;1;9772209343;S
20240306;100435;586.95;1;9772209344;S
20240306;100436;587;49;9772209436;B
20240306;100436;587;42;9772209464;B
20240306;100436;587;85;9772209465;B
20240306;100436;587;32;9772209485;B
20240306;100436;586.95;1;9772209486;S
20240306;100436;587;1;9772209519;B
20240306;100436;587;9;9772209521;B
20240306;100437;587;1;9772209555;B
20240306;100437;586.95;319;9772209606;S
20240306;100437;586.95;1;9772209607;S
20240306;100437;586.95;50;9772209608;S
20240306;100437;586.95;5;9772209609;S
20240306;100438;586.9;10;9772209687;S
20240306;100441;586.9;3;9772210268;S
20240306;100441;586.95;5;9772210270;B
20240306;100442;586.95;195;9772210411;B
20240306;100442;586.95;1;9772210424;B
20240306;100443;586.9;12;9772210469;S
20240306;100443;586.95;2;9772210490;B
20240306;100443;586.95;121;9772210542;B
20240306;100444;586.9;2;9772210583;S
20240306;100444;586.95;2;9772210633;B
20240306;100444;586.9;1;9772210634;S
20240306;100445;586.9;7;9772210765;S
20240306;100446;586.95;2;9772210975;B
20240306;100446;586.9;60;9772210977;S
20240306;100448;586.95;297;9772211242;B
20240306;100448;586.95;10;9772211243;B
20240306;100448;586.95;20;9772211244;B
20240306;100448;586.95;20;9772211245;B
20240306;100448;586.95;20;9772211246;B
20240306;100448;586.95;46;9772211247;B
20240306;100448;586.95;2;9772211248;B
20240306;100448;586.95;2;9772211249;B
20240306;100448;587;172;9772211250;B
20240306;100448;587;1;9772211251;B
20240306;100448;587;60;9772211252;B
20240306;100448;587;200;9772211253;B
20240306;100448;587;48;9772211254;B
20240306;100448;587;136;9772211255;B
20240306;100448;587;2;9772211256;B
20240306;100448;587.05;25;9772211257;B
20240306;100448;587.05;136;9772211258;B
20240306;100448;587.05;25;9772211259;B
20240306;100448;587.05;1;9772211260;B
20240306;100448;587.05;50;9772211261;B
20240306;100448;587.05;1526;9772211262;B
20240306;100448;587.1;1;9772211263;B
20240306;100448;587.1;1200;9772211264;B
20240306;100448;587.1;1;9772211265;B
20240306;100448;587.1;10;9772211266;B
20240306;100448;587.1;136;9772211267;B
20240306;100449;587.1;30;9772211414;S
20240306;100449;587.15;1;9772211429;B
20240306;100450;587.1;1;9772211490;S
20240306;100450;587.1;2;9772211560;S
20240306;100451;587.15;1;9772211634;B
20240306;100451;587;50;9772211644;S
20240306;100451;586.95;43;9772211645;S
20240306;100451;586.95;259;9772211646;S
20240306;100451;586.95;48;9772211647;B
20240306;100454;587.1;2;9772211993;B
20240306;100454;587.15;1;9772211994;B
20240306;100454;587.15;2;9772212009;B
20240306;100454;587.15;1;9772212010;B
20240306;100454;587.15;10;9772212011;B
20240306;100457;587.2;1;9772212315;B
20240306;100457;587.2;4;9772212316;B
20240306;100458;587.2;4;9772212410;B
20240306;100458;587.2;1;9772212420;B
20240306;100458;587.2;5;9772212515;B
20240306;100459;587.2;1;9772212582;B
20240306;100459;587.2;1;9772212625;B
20240306;100500;587.15;2;9772212655;S
20240306;100500;587.15;9;9772212789;S
20240306;100500;587.2;1;9772212790;B
20240306;100500;587.2;1;9772212791;B
20240306;100500;587.2;15;9772212792;B
20240306;100500;587.2;1;9772212823;B
20240306;100502;587.2;2;9772212944;B
20240306;100502;587.2;2;9772212945;B
20240306;100502;587.15;1;9772212977;S
20240306;100502;587.15;3;9772213030;S
20240306;100504;587.2;17;9772213198;B
20240306;100504;587.2;1;9772213199;B
20240306;100504;587.15;73;9772213213;S
20240306;100504;587.2;1;9772213223;B
20240306;100504;587.2;5;9772213227;B
20240306;100504;587.2;1;9772213233;B
20240306;100504;587.2;1;9772213270;B
20240306;100505;587.2;200;9772213371;B
20240306;100507;587.2;2;9772213591;B
20240306;100507;587.15;69;9772213654;S
20240306;100508;587.15;2;9772213835;S
20240306;100509;587.2;150;9772213906;B
20240306;100509;587.2;2;9772213912;B
20240306;100509;587.2;1;9772213929;B
20240306;100509;587.2;585;9772213936;B
20240306;100509;587.2;4;9772213937;B
20240306;100511;587.2;2;9772214257;S
20240306;100512;587.25;20;9772214328;B
20240306;100512;587.25;3;9772214350;B
20240306;100513;587.2;4;9772214413;S
20240306;100514;587.2;3;9772214524;S
20240306;100515;587.2;2;9772214778;S
20240306;100515;587.2;2;9772214779;S
20240306;100516;587.25;2;9772214831;B
20240306;100516;587.25;1;9772214832;B
20240306;100516;587.25;25;9772214833;B
20240306;100516;587.25;1;9772214834;B
20240306;100516;587.25;23;9772214835;B
20240306;100516;587.25;900;9772214836;B
20240306;100516;587.25;48;9772214837;B
20240306;100516;587.25;2;9772214880;B
20240306;100518;587.2;18;9772215051;S
20240306;100518;587.2;5;9772215052;S
20240306;100518;587.2;2;9772215053;S
20240306;100518;587.25;16;9772215093;B
20240306;100519;587.25;2;9772215156;B
20240306;100519;587.25;100;9772215210;B
20240306;100520;587.2;2;9772215287;S
20240306;100520;587.2;1;9772215288;S
20240306;100520;587.25;5;9772215367;B
20240306;100521;587.15;5;9772215469;S
20240306;100522;587.2;200;9772215576;B
20240306;100522;587.2;51;9772215577;B
20240306;100522;587.25;77;9772215578;B
20240306;100522;587.15;5;9772215586;S
20240306;100523;587.2;1;9772215746;B
20240306;100523;587.15;2;9772215762;S
20240306;100524;587.15;1;9772215827;S
20240306;100525;587.2;59;9772215904;B
20240306;100526;587.15;2;9772216061;S
20240306;100527;587.15;6;9772216108;S
20240306;100530;587.15;1;9772216383;S
20240306;100532;587.2;3;9772216633;B
20240306;100532;587.2;1;9772216663;B
20240306;100532;587.15;105;9772216690;S
20240306;100532;587.2;8;9772216706;B
20240306;100533;587.2;39;9772216763;B
20240306;100533;587.2;200;9772216764;B
20240306;100533;587.2;1;9772216765;B
20240306;100533;587.2;180;9772216766;B
20240306;100533;587.2;90;9772216767;B
20240306;100533;587.2;340;9772216768;B
20240306;100534;587.2;1;9772216854;B
20240306;100534;587.2;1;9772216971;B
20240306;100535;587.2;10;9772217080;B
20240306;100537;587.2;1;9772217243;S
20240306;100537;587.2;3;9772217244;S
20240306;100538;587.2;4;9772217410;S
20240306;100539;587.25;2;9772217570;B
20240306;100539;587.2;82;9772217589;S
20240306;100539;587.2;50;9772217590;S
20240306;100539;587.2;100;9772217591;S
20240306;100542;587.2;5;9772217840;B
20240306;100542;587.2;3;9772217858;B
20240306;100543;587.15;1;9772218073;S
20240306;100545;587.15;1;9772218362;S
20240306;100545;587.15;100;9772218397;S
20240306;100546;587.15;1;9772218459;S
20240306;100547;587.15;5;9772218614;S
20240306;100547;587.2;2;9772218669;B
20240306;100548;587.2;5;9772218782;B
20240306;100548;587.15;2;9772218864;S
20240306;100549;587.15;14;9772219011;S
20240306;100550;587.15;50;9772219231;S
20240306;100551;587.2;27;9772219309;B
20240306;100552;587.2;1;9772219429;B
20240306;100554;587.15;15;9772219629;S
20240306;100554;587.2;1;9772219652;B
20240306;100554;587.15;10;9772219668;S
20240306;100556;587.15;15;9772219930;S
20240306;100556;587.15;5;9772219931;S
20240306;100556;587.2;2;9772219957;B
20240306;100557;587.2;1;9772220124;B
20240306;100557;587.2;3;9772220140;B
20240306;100558;587.2;1;9772220183;B
20240306;100559;587.15;45;9772220371;S
20240306;100559;587.15;5;9772220372;S
20240306;100559;587.2;120;9772220377;B
20240306;100600;587.2;170;9772220431;B
20240306;100601;587.2;1;9772220714;B
20240306;100602;587.15;3;9772220721;S
20240306;100602;587.2;1;9772220875;B
20240306;100603;587.2;1;9772221027;B
20240306;100603;587.2;4;9772221029;B
20240306;100603;587.15;20;9772221107;S
20240306;100604;587.2;2;9772221155;B
20240306;100605;587.15;50;9772221311;S
20240306;100606;587.15;19;9772221587;S
20240306;100606;587.2;1;9772221602;B
20240306;100607;587.15;20;9772221782;S
20240306;100608;587.15;4;9772221947;S
20240306;100609;587.2;34;9772221989;B
20240306;100609;587.2;8;9772221990;B
20240306;100609;587.2;1;9772221991;B
20240306;100609;587.2;1;9772221992;B
20240306;100609;587.2;750;9772221993;B
20240306;100609;587.2;136;9772221994;B
20240306;100609;587.2;400;9772221995;B
20240306;100609;587.2;53;9772221996;B
20240306;100609;587.2;16;9772221997;B
20240306;100609;587.2;101;9772221998;B
20240306;100610;587.15;45;9772222172;S
20240306;100610;587.15;9;9772222191;S
20240306;100612;587.15;3;9772222595;S
20240306;100612;587.15;7;9772222596;S
20240306;100613;587.15;20;9772222757;S
20240306;100613;587.15;5;9772222807;S
20240306;100615;587.15;2868;9772223081;S
20240306;100615;587.15;50;9772223082;S
20240306;100615;587.1;1;9772223083;S
20240306;100615;587.1;81;9772223084;S
20240306;100617;587.05;1;9772223319;S
20240306;100617;587.1;136;9772223327;B
20240306;100617;587.1;14;9772223328;B
20240306;100619;587.15;5;9772223574;B
20240306;100622;587.1;2;9772224108;B
20240306;100622;587.1;1;9772224109;B
20240306;100622;587.1;2;9772224110;B
20240306;100622;587.2;7;9772224111;B
20240306;100622;587;3;9772224113;S
20240306;100625;587.1;1;9772224370;B
20240306;100626;587;5;9772224503;S
20240306;100627;587.1;4;9772224612;B
20240306;100629;587.1;15;9772224903;B
20240306;100630;587.1;85;9772225025;S
20240306;100630;587.05;59;9772225026;S
20240306;100630;587.05;288;9772225027;S
20240306;100630;587;492;9772225028;S
20240306;100630;587;1;9772225029;S
20240306;100630;587;20;9772225030;S
20240306;100630;587;1;9772225031;S
20240306;100630;587;654;9772225032;S
20240306;100633;587.1;1;9772225382;S
20240306;100633;587.05;1;9772225383;S
20240306;100633;587.05;30;9772225455;S
20240306;100638;587;2;9772226090;S
20240306;100638;587;1;9772226091;S
20240306;100638;586.95;1;9772226101;S
20240306;100638;586.95;9;9772226102;S
20240306;100639;587;4;9772226226;B
20240306;100640;587;15;9772226418;B
20240306;100640;586.9;7;9772226419;S
20240306;100641;586.9;1;9772226540;S
20240306;100641;586.9;1;9772226541;S
20240306;100641;586.9;4;9772226542;S
20240306;100641;586.9;1;9772226633;S
20240306;100642;586.95;1;9772226694;B
20240306;100642;586.9;1;9772226696;S
20240306;100642;586.9;1;9772226697;S
20240306;100643;586.9;1;9772226815;S
20240306;100643;586.9;3;9772226816;S
20240306;100643;586.9;2;9772226861;S
20240306;100643;586.9;250;9772226880;S
20240306;100644;586.9;1;9772226942;S
20240306;100644;586.9;1;9772226943;S
20240306;100644;586.9;40;9772226975;S
20240306;100644;586.9;7;9772226976;S
20240306;100644;586.9;6;9772227007;S
20240306;100645;586.9;1;9772227063;S
20240306;100645;586.9;1;9772227126;S
20240306;100645;586.9;1;9772227127;S
20240306;100645;586.9;3;9772227128;S
20240306;100646;586.9;1;9772227285;S
20240306;100648;586.9;15;9772227497;S
20240306;100648;586.95;40;9772227515;B
20240306;100648;586.9;10;9772227520;S
20240306;100649;586.95;2;9772227597;B
20240306;100649;586.9;40;9772227638;S
20240306;100650;586.9;90;9772227846;S
20240306;100653;586.95;1;9772228148;B
20240306;100653;586.95;2;9772228150;B
20240306;100653;586.95;1;9772228159;B
20240306;100654;586.95;2;9772228296;B
20240306;100655;586.9;1;9772228474;S
20240306;100656;586.95;1;9772228513;B
20240306;100656;586.95;1;9772228561;B
20240306;100702;586.9;100;9772229328;S
20240306;100702;586.9;26;9772229331;S
20240306;100703;586.95;85;9772229408;B
20240306;100703;586.9;100;9772229422;S
20240306;100704;586.9;26;9772229507;S
20240306;100704;586.95;4;9772229532;B
20240306;100706;586.9;3;9772229662;S
20240306;100707;586.95;1;9772229782;B
20240306;100708;586.9;52;9772229951;S
20240306;100708;586.9;24;9772229952;S
20240306;100708;586.9;300;9772229953;S
20240306;100708;586.9;100;9772229954;S
20240306;100708;586.9;250;9772229955;S
20240306;100708;586.9;1;9772229956;S
20240306;100708;586.9;300;9772229957;S
20240306;100708;586.9;10;9772229958;S
20240306;100708;586.9;20;9772229959;S
20240306;100708;586.9;3;9772229960;S
20240306;100708;586.9;10;9772229961;S
20240306;100708;586.8;1;9772229964;S
20240306;100708;586.75;35;9772229996;B
20240306;100709;586.75;1;9772230056;B
20240306;100711;586.6;1;9772230362;S
20240306;100712;586.65;22;9772230453;B
20240306;100712;586.7;2;9772230457;B
20240306;100716;586.6;1;9772231027;S
20240306;100716;586.6;17;9772231028;S
20240306;100716;586.6;40;9772231134;S
20240306;100721;586.6;55;9772231754;S
20240306;100723;586.65;61;9772231978;B
20240306;100724;586.65;5;9772232146;S
20240306;100724;586.65;18;9772232182;S
20240306;100724;586.7;1;9772232185;B
20240306;100727;586.7;1;9772232591;B
20240306;100727;586.7;14;9772232592;B
20240306;100730;586.65;16;9772232922;S
20240306;100730;586.6;34;9772232923;S
20240306;100730;586.6;54;9772232945;S
20240306;100730;586.6;5;9772232946;S
20240306;100730;586.55;60;9772232947;S
20240306;100730;586.5;1;9772232948;S
20240306;100730;586.45;12;9772232949;S
20240306;100730;586.45;50;9772232950;S
20240306;100730;586.45;296;9772232951;S
20240306;100730;586.4;222;9772232952;S
20240306;100738;586.5;1;9772233835;B
20240306;100743;586.4;10;9772234619;S
20240306;100744;586.45;14;9772234723;B
20240306;100744;586.45;2;9772234788;B
20240306;100746;586.45;10;9772234991;B
20240306;100747;586.4;7;9772235138;S
20240306;100748;586.45;6;9772235153;B
20240306;100749;586.45;2;9772235272;B
20240306;100751;586.4;6;9772235467;S
20240306;100751;586.45;1;9772235573;B
20240306;100752;586.4;17;9772235628;S
20240306;100753;586.45;2;9772235763;B
20240306;100755;586.4;100;9772235986;S
20240306;100758;586.45;2;9772236285;B
20240306;100758;586.45;97;9772236367;B
20240306;100758;586.45;1;9772236368;B
20240306;100758;586.5;2;9772236369;B
20240306;100801;586.45;20;9772236706;B
20240306;100802;586.4;3;9772236974;S
20240306;100803;586.4;9;9772237026;S
20240306;100804;586.45;1;9772237124;B
20240306;100805;586.4;1;9772237263;S
20240306;100806;586.45;1;9772237312;B
20240306;100806;586.4;6;9772237369;S
20240306;100809;586.45;2;9772237825;B
20240306;100809;586.45;10;9772237827;B
20240306;100809;586.45;1;9772237926;B
20240306;100810;586.4;2;9772238298;S
20240306;100812;586.45;1;9772238891;B
20240306;100812;586.45;2;9772238975;B
20240306;100815;586.45;24;9772239255;B
20240306;100815;586.4;60;9772239311;S
20240306;100815;586.4;100;9772239312;S
20240306;100815;586.4;1;9772239313;S
20240306;100815;586.4;1;9772239314;S
20240306;100815;586.4;1;9772239315;S
20240306;100815;586.4;1;9772239316;S
20240306;100815;586.4;1;9772239317;S
20240306;100815;586.4;1;9772239318;S
20240306;100815;586.4;1;9772239319;S
20240306;100815;586.4;48;9772239320;S
20240306;100816;586.4;10;9772239344;S
20240306;100816;586.4;2;9772239345;S
20240306;100816;586.4;3;9772239489;B
20240306;100817;586.4;50;9772239637;B
20240306;100819;586.4;1;9772239877;B
20240306;100819;586.35;6;9772239918;S
20240306;100822;586.35;6;9772240334;S
20240306;100822;586.4;1;9772240374;B
20240306;100823;586.35;38;9772240570;S
20240306;100823;586.35;100;9772240571;S
20240306;100825;586.4;2;9772240839;B
20240306;100828;586.3;12;9772241172;S
20240306;100828;586.3;5;9772241201;S
20240306;100828;586.4;1;9772241202;B
20240306;100830;586.4;2;9772241412;B
20240306;100833;586.3;6;9772241832;S
20240306;100835;586.35;1;9772242035;B
20240306;100841;586.35;1;9772242819;S
20240306;100841;586.4;15;9772242822;B
20240306;100841;586.35;26;9772242875;S
20240306;100841;586.3;177;9772242876;S
20240306;100841;586.3;1;9772242877;S
20240306;100841;586.3;1;9772242878;S
20240306;100842;586.3;13;9772243007;B
20240306;100843;586.25;1;9772243097;S
20240306;100846;586.3;8;9772243537;B
20240306;100848;586.3;34;9772243702;B
20240306;100850;586.25;399;9772244113;S
20240306;100850;586.25;700;9772244114;S
20240306;100850;586.25;2;9772244115;S
20240306;100850;586.2;1;9772244116;S
20240306;100850;586.2;55;9772244117;S
20240306;100850;586.2;50;9772244118;S
20240306;100850;586.15;200;9772244119;S
20240306;100850;586.1;5;9772244120;S
20240306;100850;586.1;200;9772244121;S
20240306;100850;586.1;205;9772244122;S
20240306;100852;586.15;5;9772244349;B
20240306;100852;586.2;43;9772244350;B
20240306;100852;586.2;1;9772244384;B
20240306;100855;586.25;1;9772244716;B
20240306;100855;586.25;8;9772244717;B
20240306;100855;586.3;2;9772244782;B
20240306;100856;586.2;100;9772244859;S
20240306;100856;586.3;1;9772244976;B
20240306;100856;586.25;6;9772244977;S
20240306;100857;586.3;37;9772245094;B
20240306;100857;586.3;10;9772245095;B
20240306;100857;586.3;3;9772245096;B
20240306;100858;586.3;2;9772245131;B
20240306;100858;586.3;3;9772245140;B
20240306;100858;586.3;1;9772245183;B
20240306;100858;586.25;5;9772245184;S
20240306;100901;586.25;36;9772245638;S
20240306;100901;586.25;3;9772245655;S
20240306;100904;586.2;10;9772246113;S
20240306;100906;586.1;90;9772246254;S
20240306;100906;586.2;4;9772246261;B
20240306;100906;586.3;13;9772246262;B
20240306;100906;586.1;35;9772246310;S
20240306;100907;586.3;1;9772246439;B
20240306;100909;586.3;2;9772246688;B
20240306;100911;586.1;5;9772246902;S
20240306;100911;586.15;80;9772246909;B
20240306;100911;586.1;35;9772246953;S
20240306;100912;586.1;9;9772247002;S
20240306;100913;586.1;3;9772247102;S
20240306;100913;586.1;5;9772247116;S
20240306;100915;586.15;10;9772247353;B
20240306;100915;586.15;2;9772247365;B
20240306;100915;586.1;7;9772247376;S
20240306;100916;586.1;4;9772247496;S
20240306;100917;586.1;17;9772247567;S
20240306;100917;586.1;1;9772247568;S
20240306;100917;586.05;15;9772247569;S
20240306;100917;586.05;25;9772247570;S
20240306;100917;586.05;53;9772247571;S
20240306;100917;586;1;9772247572;S
20240306;100917;586;2;9772247573;S
20240306;100917;586;10;9772247574;S
20240306;100917;586;7;9772247575;S
20240306;100917;586;10;9772247576;S
20240306;100917;586;1;9772247577;S
20240306;100917;586;1;9772247578;S
20240306;100917;586;7;9772247579;S
20240306;100918;586.1;2;9772247663;B
20240306;100921;586.1;4;9772248104;B
20240306;100924;586.1;1;9772248351;B
20240306;100925;586.1;24;9772248487;B
20240306;100929;586.1;1;9772248842;B
20240306;100930;586.1;1;9772248873;B
20240306;100930;586.05;1;9772248883;S
20240306;100930;586.1;19;9772248912;B
20240306;100930;586.1;31;9772248913;B
20240306;100931;586.15;1;9772249043;B
20240306;100932;586.05;4;9772249140;S
20240306;100932;586.05;6;9772249141;S
20240306;100932;586.15;2;9772249148;B
20240306;100933;586.1;3;9772249357;B
20240306;100933;586.1;2;9772249410;B
20240306;100933;586.1;6;9772249429;B
20240306;100934;586.1;1;9772249546;B
20240306;100935;586.1;5;9772249582;B
20240306;100937;586.05;1;9772249915;S
20240306;100937;586.05;150;9772249922;S
20240306;100938;586.1;50;9772250040;B
20240306;100938;586.1;1;9772250097;B
20240306;100940;586.1;20;9772250298;B
20240306;100941;586.05;8;9772250485;S
20240306;100944;586.1;1;9772250731;B
20240306;100946;586.1;11;9772250873;B
20240306;100946;586.1;52;9772250874;B
20240306;100946;586.15;418;9772250875;B
20240306;100946;586.15;1;9772250876;B
20240306;100947;586.1;12;9772250928;S
20240306;100950;586.1;74;9772251275;S
20240306;100950;586.1;265;9772251276;S
20240306;100950;586.05;3;9772251315;B
20240306;100950;586;1;9772251350;S
20240306;100950;586;2;9772251351;S
20240306;100950;585.95;22;9772251352;S
20240306;100951;585.9;3;9772251425;S
20240306;100951;585.9;1;9772251426;S
20240306;100952;586;4;9772251585;S
20240306;100953;586.05;2;9772251606;B
20240306;100953;586.05;45;9772251650;B
20240306;100953;586.1;500;9772251686;B
20240306;100954;586.1;13;9772251774;B
20240306;100956;586.1;5;9772251952;B
20240306;100956;586.1;143;9772252005;B
20240306;100956;586.1;14;9772252006;B
20240306;100958;586.2;2;9772252165;B
20240306;101001;586.25;1;9772252524;S
20240306;101002;586.3;1;9772252821;S
20240306;101002;586.35;2;9772252836;B
20240306;101005;586.35;4;9772253323;B
20240306;101006;586.35;20;9772253437;B
20240306;101007;586.25;4;9772253610;S
20240306;101007;586.25;15;9772253611;S
20240306;101009;586.35;1;9772253886;B
20240306;101010;586.35;50;9772254067;B
20240306;101014;586.35;35;9772254730;B
20240306;101020;586.35;2;9772255619;B
20240306;101027;586.2;52;9772256652;S
20240306;101027;586.15;28;9772256653;S
20240306;101027;586.15;220;9772256654;S
20240306;101028;586.1;1;9772256710;S
20240306;101028;586.25;52;9772256724;B
20240306;101028;586.25;356;9772256725;B
20240306;101030;586.25;2;9772256939;B
20240306;101030;586.1;2;9772256951;S
20240306;101030;586.1;10;9772256952;S
20240306;101030;586.05;51;9772256953;S
20240306;101030;586.05;254;9772256954;S
20240306;101030;586;21;9772256955;S
20240306;101030;586;200;9772256956;S
20240306;101030;586;4;9772256957;S
20240306;101030;586;50;9772256958;S
20240306;101030;586;28;9772256959;S
20240306;101030;585.95;426;9772256960;S
20240306;101030;585.85;454;9772256961;S
20240306;101033;585.8;1;9772257267;S
20240306;101033;585.8;50;9772257268;S
20240306;101033;585.75;30;9772257269;S
20240306;101033;585.75;100;9772257270;S
20240306;101033;585.75;319;9772257271;S
20240306;101034;585.95;30;9772257408;B
20240306;101034;585.95;1;9772257449;B
20240306;101034;585.95;24;9772257450;B
20240306;101035;585.8;5;9772257556;S
20240306;101035;585.75;244;9772257557;S
20240306;101037;585.95;1;9772257868;B
20240306;101040;585.75;50;9772258475;S
20240306;101040;585.75;32;9772258476;S
20240306;101040;585.75;119;9772258477;S
20240306;101042;586;2;9772258707;B
20240306;101043;585.8;171;9772258903;B
20240306;101046;585.95;2;9772259429;B
20240306;101047;585.95;6;9772259595;B
20240306;101049;585.95;12;9772259808;B
20240306;101049;586;18;9772259809;B
20240306;101056;585.9;1;9772260801;S
20240306;101059;585.9;1;9772261073;S
20240306;101101;585.9;48;9772261506;S
20240306;101101;585.9;207;9772261507;S
20240306;101102;586;80;9772261756;B
20240306;101102;586;3;9772261757;B
20240306;101102;586;800;9772261758;B
20240306;101102;586;50;9772261759;B
20240306;101102;586.1;50;9772261760;B
20240306;101102;586.1;33;9772261761;B
20240306;101102;586.15;136;9772261762;B
20240306;101102;586.15;150;9772261763;B
20240306;101102;586.2;136;9772261764;B
20240306;101102;586.2;513;9772261765;B
20240306;101102;586.25;49;9772261766;B
20240306;101104;586.25;16;9772261996;B
20240306;101105;586.1;44;9772262143;S
20240306;101110;586.25;9;9772262752;B
20240306;101112;586.2;50;9772263045;S
20240306;101117;586.2;3;9772263526;B
20240306;101117;586.2;2;9772263546;B
20240306;101118;586.1;2;9772263642;S
20240306;101119;586.2;50;9772263722;B
20240306;101119;586;25;9772263727;S
20240306;101126;586.05;35;9772264643;S
20240306;101127;586;25;9772264724;S
20240306;101129;586.1;2;9772265005;B
20240306;101130;586.05;49;9772265085;S
20240306;101130;586;151;9772265086;S
20240306;101133;586.1;13;9772265467;B
20240306;101134;586.1;60;9772265523;B
20240306;101135;586.05;25;9772265742;S
20240306;101138;586.15;1;9772266092;B
20240306;101140;586;1;9772266295;S
20240306;101141;586;96;9772266385;S
20240306;101144;586;265;9772266701;S
20240306;101144;586;10;9772266702;S
20240306;101144;586;20;9772266703;S
20240306;101144;586;204;9772266704;S
20240306;101146;585.95;26;9772267146;S
20240306;101146;586.15;1;9772267187;B
20240306;101147;586.15;2;9772267265;B
20240306;101147;586;2;9772267295;S
20240306;101147;586;1;9772267296;S
20240306;101147;586;10;9772267298;B
20240306;101149;586.15;47;9772267443;B
20240306;101149;586.15;30;9772267444;B
20240306;101149;586.15;23;9772267445;B
20240306;101201;586.15;11;9772268737;S
20240306;101202;586.2;8;9772268812;B
20240306;101203;586.2;2;9772268887;B
20240306;101204;586.15;2;9772268962;S
20240306;101204;586.1;8;9772268971;S
20240306;101209;586.2;1;9772269659;B
20240306;101210;586.2;1;9772269764;B
20240306;101210;586.2;7;9772269827;B
20240306;101211;586.1;1;9772269875;S
20240306;101211;586.1;1;9772269876;S
20240306;101211;586.05;2;9772269927;S
20240306;101214;586.15;1;9772270275;B
20240306;101216;586.15;1;9772270607;B
20240306;101216;586.2;1429;9772270608;B
20240306;101216;586.2;12;9772270609;B
20240306;101216;586.2;24;9772270610;B
20240306;101216;586.2;48;9772270611;B
20240306;101216;586.2;2;9772270612;B
20240306;101221;586.25;240;9772271144;S
20240306;101221;586.25;49;9772271145;S
20240306;101221;586.2;5;9772271146;S
20240306;101221;586.15;50;9772271147;S
20240306;101221;586.15;15;9772271148;S
20240306;101221;586.1;57;9772271149;S
20240306;101221;586.1;328;9772271150;S
20240306;101221;586.05;513;9772271151;S
20240306;101221;586;1;9772271152;S
20240306;101221;586;442;9772271153;S
20240306;101221;586.05;3;9772271304;S
20240306;101224;586.25;3;9772271682;B
20240306;101225;586.15;1;9772271807;S
20240306;101230;586.3;1;9772272442;B
20240306;101231;586.3;10;9772272554;B
20240306;101231;586.3;1;9772272577;B
20240306;101234;586.3;5;9772272898;B
20240306;101237;586.25;1;9772273346;S
20240306;101238;586.3;10;9772273547;B
20240306;101245;586.3;1;9772274287;B
20240306;101246;586.3;18;9772274448;B
20240306;101247;586.25;3;9772274499;S
20240306;101247;586.2;48;9772274500;S
20240306;101247;586.2;70;9772274501;S
20240306;101254;586.15;5;9772275172;S
20240306;101256;586.15;4;9772275411;S
20240306;101256;586.15;1;9772275412;S
20240306;101256;586.05;100;9772275413;S
20240306;101256;586.05;232;9772275414;S
20240306;101256;586.05;51;9772275415;S
20240306;101256;586.05;50;9772275416;S
20240306;101256;586.05;47;9772275417;S
20240306;101256;586.05;232;9772275418;S
20240306;101256;586;83;9772275419;S
20240306;101257;586.2;1;9772275684;B
20240306;101258;586.2;1;9772275799;B
20240306;101302;586.2;2;9772276320;B
20240306;101305;586.1;1;9772276501;S
20240306;101309;586.2;14;9772276948;B
20240306;101312;586.2;32;9772277175;B
20240306;101312;586.25;47;9772277176;B
20240306;101314;586.25;2;9772277392;S
20240306;101314;586.3;1;9772277406;B
20240306;101314;586.3;3;9772277457;B
20240306;101314;586.25;5;9772277485;S
20240306;101314;586.3;6;9772277495;B
20240306;101315;586.3;2;9772277578;B
20240306;101317;586.3;4;9772277827;B
20240306;101322;586.3;1;9772278414;B
20240306;101322;586.3;3;9772278432;B
20240306;101323;586.25;3;9772278478;S
20240306;101324;586.3;3;9772278592;B
20240306;101325;586.25;4;9772278791;S
20240306;101327;586.25;9;9772279125;S
20240306;101328;586.25;1;9772279152;S
20240306;101328;586.25;5;9772279186;S
20240306;101334;586.3;1;9772279853;B
20240306;101334;586.3;6;9772279873;B
20240306;101336;586.3;10;9772280134;B
20240306;101336;586.3;5;9772280197;B
20240306;101338;586.25;3;9772280452;S
20240306;101340;586.3;3;9772280698;B
20240306;101340;586.25;100;9772280699;S
20240306;101341;586.3;1;9772280806;B
20240306;101343;586.3;1;9772280959;B
20240306;101344;586.3;2;9772281033;B
20240306;101346;586.3;2;9772281266;B
20240306;101346;586.3;4;9772281280;B
20240306;101347;586.3;20;9772281364;B
20240306;101349;586.25;3;9772281571;S
20240306;101349;586.3;1;9772281648;B
20240306;101350;586.3;10;9772281749;B
20240306;101351;586.3;12;9772281878;B
20240306;101351;586.25;2;9772281901;S
20240306;101354;586.25;1;9772282166;S
20240306;101355;586.3;2;9772282245;B
20240306;101355;586.25;1;9772282254;S
20240306;101356;586.3;7;9772282283;B
20240306;101359;586.25;41;9772282708;S
20240306;101359;586.2;1;9772282709;S
20240306;101359;586.2;46;9772282710;S
20240306;101359;586.15;1;9772282711;S
20240306;101359;586.15;11;9772282712;S
20240306;101401;586.25;1;9772282940;B
20240306;101404;586.1;1;9772283225;S
20240306;101404;586.1;18;9772283226;S
20240306;101405;586.1;123;9772283439;S
20240306;101405;586.1;1;9772283440;S
20240306;101405;586.1;46;9772283441;S
20240306;101405;586.05;225;9772283442;S
20240306;101405;586;50;9772283443;S
20240306;101405;586;20;9772283444;S
20240306;101405;586;40;9772283445;S
20240306;101405;586;100;9772283446;S
20240306;101405;586;50;9772283447;S
20240306;101405;585.95;50;9772283448;S
20240306;101405;585.95;426;9772283449;S
20240306;101405;585.9;26;9772283450;S
20240306;101405;585.9;136;9772283451;S
20240306;101405;585.9;2;9772283452;S
20240306;101405;585.85;136;9772283453;S
20240306;101405;585.85;50;9772283454;S
20240306;101405;585.8;10;9772283455;S
20240306;101405;585.8;10;9772283456;S
20240306;101405;585.8;25;9772283457;S
20240306;101405;585.8;2;9772283458;S
20240306;101405;585.8;17;9772283459;S
20240306;101405;585.8;1;9772283460;S
20240306;101405;585.8;1;9772283461;S
20240306;101405;585.8;136;9772283462;S
20240306;101405;585.8;150;9772283463;S
20240306;101405;585.75;1;9772283464;S
20240306;101405;585.75;15;9772283465;S
20240306;101405;585.75;164;9772283466;S
20240306;101405;585.75;59;9772283467;S
20240306;101405;585.75;456;9772283468;S
20240306;101405;585.75;28;9772283469;S
20240306;101405;585.7;3;9772283470;S
20240306;101405;585.7;682;9772283471;S
20240306;101405;585.7;10;9772283472;S
20240306;101405;585.7;1;9772283473;S
20240306;101405;585.7;150;9772283474;S
20240306;101405;585.7;2;9772283475;S
20240306;101405;585.7;50;9772283476;S
20240306;101405;585.65;1;9772283477;S
20240306;101405;585.65;1;9772283478;S
20240306;101405;585.65;30;9772283479;S
20240306;101405;585.65;302;9772283480;S
20240306;101406;585.7;4;9772283584;S
20240306;101406;585.85;100;9772283649;B
20240306;101406;585.9;50;9772283650;B
20240306;101406;585.9;45;9772283651;B
20240306;101406;585.9;37;9772283652;B
20240306;101408;585.9;1;9772283886;B
20240306;101408;585.9;1;9772283887;B
20240306;101409;585.9;1;9772284028;B
20240306;101416;585.75;2;9772284846;S
20240306;101417;585.75;35;9772284994;S
20240306;101418;585.75;2;9772285121;S
20240306;101422;585.75;1;9772285646;S
20240306;101431;585.8;40;9772286939;B
20240306;101431;585.8;10;9772286940;B
20240306;101435;585.85;3;9772287511;B
20240306;101435;585.75;16;9772287533;S
20240306;101438;585.75;2;9772287893;S
20240306;101439;585.85;4;9772288196;B
20240306;101440;585.8;1;9772288282;B
20240306;101450;585.75;32;9772289390;S
20240306;101450;585.75;1;9772289391;S
20240306;101450;585.7;5;9772289392;S
20240306;101450;585.7;5;9772289393;S
20240306;101450;585.7;7;9772289394;S
20240306;101451;585.65;1;9772289510;S
20240306;101451;585.65;5;9772289511;S
20240306;101451;585.65;1;9772289512;S
20240306;101451;585.65;5;9772289513;S
20240306;101451;585.65;40;9772289514;S
20240306;101451;585.65;25;9772289515;S
20240306;101451;585.65;50;9772289516;S
20240306;101451;585.6;1;9772289517;S
20240306;101451;585.6;872;9772289518;S
20240306;101451;585.75;50;9772289519;B
20240306;101451;585.75;3;9772289605;B
20240306;101452;585.6;128;9772289778;S
20240306;101452;585.6;52;9772289779;S
20240306;101453;585.6;10;9772289848;S
20240306;101454;585.65;6;9772290030;S
20240306;101455;585.65;1;9772290100;S
20240306;101456;585.65;129;9772290127;S
20240306;101456;585.6;11;9772290128;S
20240306;101457;585.7;43;9772290203;B
20240306;101457;585.7;100;9772290204;B
20240306;101457;585.8;100;9772290205;B
20240306;101457;585.8;50;9772290206;B
20240306;101457;585.85;48;9772290207;B
20240306;101457;585.65;136;9772290221;S
20240306;101457;585.6;364;9772290222;S
20240306;101505;585.75;20;9772291947;B
20240306;101505;585.8;18;9772291948;B
20240306;101505;585.8;1;9772292044;B
20240306;101507;585.6;5;9772292468;S
20240306;101508;585.6;58;9772292636;S
20240306;101508;585.6;1;9772292637;S
20240306;101508;585.6;1;9772292638;S
20240306;101508;585.6;10;9772292639;S
20240306;101508;585.6;10;9772292640;S
20240306;101508;585.6;40;9772292641;S
20240306;101508;585.6;5;9772292642;S
20240306;101508;585.6;1;9772292643;S
20240306;101508;585.6;43;9772292644;S
20240306;101508;585.6;1;9772292645;S
20240306;101508;585.6;5;9772292646;S
20240306;101508;585.6;50;9772292647;S
20240306;101508;585.55;2;9772292648;S
20240306;101508;585.55;1;9772292649;S
20240306;101508;585.55;9;9772292650;S
20240306;101508;585.55;10;9772292651;S
20240306;101508;585.55;23;9772292652;S
20240306;101511;585.6;1;9772293277;S
20240306;101511;585.55;24;9772293278;S
20240306;101512;585.55;11;9772293358;S
20240306;101518;585.7;13;9772294566;B
20240306;101518;585.7;7;9772294567;B
20240306;101519;585.6;1;9772294860;S
20240306;101519;585.6;9;9772294890;S
20240306;101519;585.55;1;9772294891;S
20240306;101522;585.7;1;9772295511;B
20240306;101529;585.65;1;9772296742;S
20240306;101530;585.65;1;9772296946;S
20240306;101530;585.7;1;9772296976;B
20240306;101531;585.7;1;9772297106;B
20240306;101535;585.7;1;9772297839;B
20240306;101536;585.7;2;9772298033;B
20240306;101539;585.65;1;9772298748;S
20240306;101540;585.7;1;9772298830;B
20240306;101540;585.7;1;9772298860;B
20240306;101540;585.65;1;9772298879;S
20240306;101542;585.6;1;9772299156;S
20240306;101548;585.6;4;9772300340;S
20240306;101549;585.7;50;9772300405;B
20240306;101552;585.7;35;9772300867;B
20240306;101552;585.7;85;9772300868;B
20240306;101552;585.7;1;9772300869;B
20240306;101552;585.7;1;9772300870;B
20240306;101552;585.7;41;9772300871;B
20240306;101552;585.7;544;9772300872;B
20240306;101553;585.85;1;9772301124;B
20240306;101554;585.85;1;9772301234;B
20240306;101555;585.85;120;9772301431;B
20240306;101555;585.85;1;9772301439;B
20240306;101555;585.85;46;9772301480;B
20240306;101556;585.85;1;9772301516;B
20240306;101556;585.8;15;9772301521;S
20240306;101556;585.8;5;9772301522;S
20240306;101556;585.85;1;9772301533;B
20240306;101556;585.85;1;9772301538;B
20240306;101556;585.85;1;9772301564;B
20240306;101556;585.85;1;9772301590;B
20240306;101556;585.8;6;9772301638;S
20240306;101557;585.8;5;9772301729;S
20240306;101558;585.8;2;9772301877;S
20240306;101558;585.85;1;9772301888;B
20240306;101558;585.8;3;9772301913;S
20240306;101559;585.85;2;9772301932;B
20240306;101559;585.85;1;9772301975;B
20240306;101600;585.85;1;9772302121;B
20240306;101601;585.85;3;9772302250;B
20240306;101601;585.85;1;9772302256;B
20240306;101601;585.8;5;9772302275;S
20240306;101601;585.85;12;9772302281;B
20240306;101601;585.85;1;9772302306;B
20240306;101601;585.85;1;9772302357;B
20240306;101602;585.85;1;9772302465;B
20240306;101603;585.8;24;9772302631;S
20240306;101603;585.8;41;9772302632;S
20240306;101603;585.8;145;9772302633;S
20240306;101603;585.85;2;9772302638;B
20240306;101603;585.85;3;9772302640;B
20240306;101605;585.8;350;9772302893;B
20240306;101605;585.8;59;9772302946;B
20240306;101606;585.8;2;9772302967;B
20240306;101606;585.8;1;9772302997;B
20240306;101606;585.8;7;9772303107;B
20240306;101606;585.8;1;9772303110;B
20240306;101606;585.8;5;9772303114;B
20240306;101607;585.8;6;9772303270;B
20240306;101607;585.8;2;9772303276;B
20240306;101607;585.8;1;9772303283;B
20240306;101607;585.8;1;9772303344;B
20240306;101607;585.8;1;9772303357;B
20240306;101608;585.8;3;9772303422;B
20240306;101608;585.75;1;9772303628;S
20240306;101609;585.8;1;9772303639;B
20240306;101609;585.8;10;9772303701;B
20240306;101609;585.8;1;9772303746;B
20240306;101610;585.8;1;9772303899;B
20240306;101611;585.8;2;9772303982;B
20240306;101611;585.8;1;9772303988;B
20240306;101611;585.8;1;9772303989;B
20240306;101611;585.8;1;9772304013;B
20240306;101611;585.8;2;9772304038;B
20240306;101613;585.8;3;9772304280;B
20240306;101614;585.8;50;9772304380;B
20240306;101614;585.8;1;9772304382;B
20240306;101614;585.8;1;9772304409;B
20240306;101614;585.8;15;9772304522;B
20240306;101615;585.8;3;9772304542;B
20240306;101615;585.8;2;9772304611;B
20240306;101615;585.8;8;9772304630;B
20240306;101616;585.8;1;9772304743;B
20240306;101616;585.8;1;9772304801;B
20240306;101617;585.8;1;9772304836;B
20240306;101617;585.8;1;9772304840;B
20240306;101617;585.8;2;9772304865;B
20240306;101617;585.8;1;9772304881;B
20240306;101617;585.8;1;9772304910;B
20240306;101617;585.8;2;9772304915;B
20240306;101617;585.8;1;9772304929;B
20240306;101618;585.8;2;9772304988;B
20240306;101618;585.8;5;9772305042;B
20240306;101618;585.8;1;9772305074;B
20240306;101619;585.8;9;9772305175;B
20240306;101619;585.8;1;9772305208;B
20240306;101619;585.8;1;9772305244;B
20240306;101620;585.8;3;9772305249;B
20240306;101620;585.8;5;9772305275;B
20240306;101620;585.8;1;9772305336;B
20240306;101620;585.8;4;9772305351;B
20240306;101621;585.8;2;9772305403;B
20240306;101622;585.8;11;9772305655;B
20240306;101623;585.8;1;9772305705;B
20240306;101623;585.8;2;9772305737;B
20240306;101623;585.8;2;9772305811;B
20240306;101624;585.75;1;9772305875;S
20240306;101624;585.8;3;9772305896;B
20240306;101624;585.8;20;9772305968;B
20240306;101625;585.8;4;9772306007;B
20240306;101625;585.8;3;9772306068;B
20240306;101625;585.8;8;9772306108;B
20240306;101626;585.8;1;9772306276;B
20240306;101626;585.8;5;9772306284;B
20240306;101628;585.8;1;9772306447;B
20240306;101628;585.8;1;9772306465;B
20240306;101629;585.8;2;9772306709;B
20240306;101629;585.8;12;9772306719;B
20240306;101630;585.75;3;9772306753;S
20240306;101630;585.8;4;9772306787;B
20240306;101631;585.8;2;9772306886;B
20240306;101632;585.8;1;9772307047;B
20240306;101632;585.8;15;9772307081;B
20240306;101633;585.8;2;9772307175;B
20240306;101633;585.75;17;9772307215;S
20240306;101633;585.75;15;9772307216;S
20240306;101633;585.75;50;9772307217;S
20240306;101633;585.7;1293;9772307218;S
20240306;101633;585.7;17;9772307219;S
20240306;101633;585.7;41;9772307220;S
20240306;101633;585.7;1;9772307221;S
20240306;101633;585.7;12;9772307222;S
20240306;101633;585.7;1;9772307247;B
20240306;101635;585.7;3;9772307564;B
20240306;101637;585.7;6;9772307816;B
20240306;101638;585.6;2;9772307955;S
20240306;101638;585.6;2;9772307956;S
20240306;101638;585.6;24;9772307957;S
20240306;101640;585.7;1;9772308230;B
20240306;101641;585.7;1;9772308378;B
20240306;101642;585.7;1;9772308449;B
20240306;101644;585.7;1;9772308731;B
20240306;101644;585.7;3000;9772308756;B
20240306;101645;585.7;1;9772309071;B
20240306;101646;585.7;3;9772309311;B
20240306;101646;585.7;536;9772309403;B
20240306;101646;585.7;41;9772309404;B
20240306;101647;585.7;500;9772309632;S
20240306;101649;585.75;1;9772309845;B
20240306;101649;585.8;2;9772309846;B
20240306;101650;585.8;1;9772310181;B
20240306;101652;585.8;2;9772310556;B
20240306;101653;585.8;10;9772310880;B
20240306;101654;585.75;32;9772311016;S
20240306;101654;585.7;42;9772311017;S
20240306;101654;585.7;209;9772311018;S
20240306;101654;585.7;50;9772311019;S
20240306;101654;585.65;82;9772311020;S
20240306;101654;585.65;85;9772311021;S
20240306;101704;585.8;50;9772312306;B
20240306;101704;585.65;11;9772312311;S
20240306;101709;585.7;4;9772312838;S
20240306;101711;585.8;9;9772313082;B
20240306;101713;585.8;2;9772313378;B
20240306;101713;585.8;1;9772313381;B
20240306;101716;585.8;3;9772313750;B
20240306;101719;585.7;7;9772314240;S
20240306;101723;585.7;1;9772314787;S
20240306;101726;585.7;1;9772315454;S
20240306;101727;585.7;121;9772315762;S
20240306;101728;585.75;5;9772315926;B
20240306;101729;585.75;5;9772315997;B
20240306;101729;585.8;5;9772315998;B
20240306;101729;585.8;1;9772316000;B
20240306;101730;585.75;1;9772316163;S
20240306;101730;585.75;1;9772316164;S
20240306;101730;585.75;2;9772316207;S
20240306;101731;585.8;1;9772316323;B
20240306;101732;585.8;37;9772316525;B
20240306;101733;585.8;1;9772316603;B
20240306;101735;585.75;35;9772316849;S
20240306;101738;585.8;32;9772317185;B
20240306;101738;585.8;325;9772317186;B
20240306;101738;585.8;1;9772317187;B
20240306;101738;585.8;50;9772317188;B
20240306;101738;585.8;20;9772317255;S
20240306;101739;585.85;49;9772317294;B
20240306;101739;585.95;1;9772317315;B
20240306;101742;585.95;10;9772317851;S
20240306;101742;585.95;5;9772317962;S
20240306;101742;585.95;121;9772317983;S
20240306;101742;585.95;29;9772317984;S
20240306;101743;585.95;21;9772318046;S
20240306;101743;585.95;136;9772318047;S
20240306;101743;585.9;43;9772318048;S
20240306;101743;585.9;136;9772318049;S
20240306;101743;585.9;164;9772318050;S
20240306;101744;585.85;500;9772318265;S
20240306;101746;585.95;1;9772318528;B
20240306;101753;585.9;1;9772319797;B
20240306;101758;585.8;3;9772320509;S
20240306;101800;585.9;8;9772320877;B
20240306;101807;586;3;9772321897;B
20240306;101807;586;40;9772321898;B
20240306;101807;586;1;9772321899;B
20240306;101807;586;41;9772321900;B
20240306;101807;585.95;1;9772321922;B
20240306;101809;586;3;9772322360;B
20240306;101810;585.9;1;9772322590;S
20240306;101810;585.9;1;9772322591;S
20240306;101810;585.9;1;9772322592;S
20240306;101810;585.9;8;9772322593;S
20240306;101811;586;16;9772322848;B
20240306;101811;586;2;9772322849;B
20240306;101811;586;12;9772322850;B
20240306;101813;586;50;9772323148;B
20240306;101813;586;19;9772323149;B
20240306;101813;586;10;9772323150;B
20240306;101813;586;1;9772323151;B
20240306;101813;586;8;9772323152;B
20240306;101813;586;490;9772323153;B
20240306;101813;586;100;9772323154;B
20240306;101814;586.1;2;9772323338;B
20240306;101814;586.1;23;9772323339;B
20240306;101816;586.1;2;9772323787;S
20240306;101817;586.1;15;9772323929;S
20240306;101817;586.1;1;9772323949;S
20240306;101817;586.15;1;9772323957;B
20240306;101817;586.15;14;9772324107;B
20240306;101817;586.2;30;9772324108;B
20240306;101817;586.2;10;9772324109;B
20240306;101817;586.2;10;9772324110;B
20240306;101817;586.25;10;9772324111;B
20240306;101817;586.25;5;9772324112;B
20240306;101817;586.25;33;9772324113;B
20240306;101817;586.25;32;9772324114;B
20240306;101817;586.25;40;9772324115;B
20240306;101817;586.3;37;9772324116;B
20240306;101817;586.3;70;9772324117;B
20240306;101817;586.3;1;9772324118;B
20240306;101817;586.3;40;9772324119;B
20240306;101817;586.3;368;9772324120;B
20240306;101818;586.15;14;9772324141;S
20240306;101819;586.35;321;9772324350;B
20240306;101825;586.35;70;9772325958;B
20240306;101825;586.35;265;9772325959;B
20240306;101825;586.35;39;9772325960;B
20240306;101825;586.35;3;9772325961;B
20240306;101825;586.4;2;9772325962;B
20240306;101825;586.4;1;9772325963;B
20240306;101825;586.4;25;9772325964;B
20240306;101825;586.45;100;9772325965;B
20240306;101825;586.5;1;9772325966;B
20240306;101825;586.5;50;9772325967;B
20240306;101825;586.5;10;9772325968;B
20240306;101825;586.5;60;9772325969;B
20240306;101825;586.5;50;9772325970;B
20240306;101825;586.6;1;9772325971;B
20240306;101825;586.6;136;9772325972;B
20240306;101825;586.6;150;9772325973;B
20240306;101825;586.65;55;9772325974;B
20240306;101825;586.65;136;9772325975;B
20240306;101825;586.65;346;9772325976;B
20240306;101825;586.65;50;9772325992;B
20240306;101827;586.7;1;9772326427;B
20240306;101827;586.7;20;9772326428;B
20240306;101827;586.7;39;9772326429;B
20240306;101827;586.7;140;9772326430;B
20240306;101827;586.75;1;9772326464;B
20240306;101831;586.7;42;9772327158;B
20240306;101834;586.6;1;9772327688;S
20240306;101835;586.6;10;9772328125;S
20240306;101837;586.6;2;9772328458;S
20240306;101837;586.6;7;9772328601;S
20240306;101837;586.6;20;9772328602;S
20240306;101837;586.6;23;9772328603;S
20240306;101840;586.65;1;9772329171;B
20240306;101840;586.65;19;9772329232;B
20240306;101842;586.55;1;9772329569;S
20240306;101843;586.55;1;9772329698;S
20240306;101843;586.55;1;9772329699;S
20240306;101843;586.55;2;9772329700;S
20240306;101843;586.55;1;9772329701;S
20240306;101843;586.55;5;9772329702;B
20240306;101843;586.55;2;9772329733;B
20240306;101844;586.55;1;9772329797;B
20240306;101844;586.55;2;9772329897;B
20240306;101845;586.6;260;9772330024;B
20240306;101845;586.75;1;9772330078;B
20240306;101846;586.65;9;9772330110;S
20240306;101846;586.6;26;9772330111;S
20240306;101847;586.55;4;9772330287;S
20240306;101850;586.6;3;9772330864;S
20240306;101851;586.65;1;9772330905;B
20240306;101855;586.6;1;9772331635;B
20240306;101858;586.55;1;9772332227;S
20240306;101859;586.6;1;9772332529;B
20240306;101900;586.75;1;9772332692;B
20240306;101903;586.6;7;9772333033;B
20240306;101903;586.6;2;9772333062;B
20240306;101903;586.7;1;9772333063;B
20240306;101908;586.65;1;9772333874;B
20240306;101909;586.55;1;9772334088;S
20240306;101912;586.55;9;9772334586;B
20240306;101912;586.55;1;9772334587;B
20240306;101912;586.6;4;9772334588;B
20240306;101912;586.6;34;9772334589;B
20240306;101915;586.65;8;9772334976;B
20240306;101921;586.55;2;9772335861;S
20240306;101930;586.5;1;9772337546;S
20240306;101930;586.5;1;9772337547;S
20240306;101931;586.5;3;9772337663;S
20240306;101932;586.6;2;9772337946;B
20240306;101933;586.55;1;9772338135;S
20240306;101934;586.55;1;9772338266;B
20240306;101936;586.6;2;9772338669;B
20240306;101937;586.55;5;9772338779;S
20240306;101939;586.6;3;9772339065;B
20240306;101939;586.55;97;9772339112;S
20240306;101940;586.55;2;9772339366;B
20240306;101941;586.5;3;9772339422;S
20240306;101941;586.5;3;9772339442;S
20240306;101945;586.35;5;9772340064;S
20240306;101946;586.45;10;9772340147;B
20240306;101947;586.3;1;9772340389;S
20240306;101953;586.3;1;9772340961;B
20240306;101956;586.35;50;9772341330;B
20240306;101956;586.4;30;9772341331;B
20240306;102004;586.4;2;9772342630;B
20240306;102007;586.4;4;9772343037;B
20240306;102007;586.4;1;9772343046;B
20240306;102010;586.4;2;9772343479;B
20240306;102014;586.3;2;9772344179;S
20240306;102014;586.3;2;9772344180;S
20240306;102014;586.3;1;9772344181;S
20240306;102014;586.25;35;9772344182;S
20240306;102014;586.2;12;9772344183;S
20240306;102015;586.35;1;9772344419;B
20240306;102015;586.2;1;9772344420;S
20240306;102015;586.2;1;9772344429;S
20240306;102018;586.35;1;9772344910;B
20240306;102019;586.2;2;9772345150;S
20240306;102019;586.2;10;9772345151;S
20240306;102019;586.15;6;9772345152;S
20240306;102020;586.3;1;9772345951;B
20240306;102020;586.3;1;9772345954;B
20240306;102020;586.3;1;9772345963;B
20240306;102020;586.3;1;9772345975;B
20240306;102021;586.3;1;9772346091;B
20240306;102022;586.3;1;9772347230;B
20240306;102023;586.3;3;9772347246;B
20240306;102024;586.3;1;9772347883;B
20240306;102024;586.3;1;9772347884;B
20240306;102024;586.3;1;9772347888;B
20240306;102024;586.3;1;9772347890;B
20240306;102024;586.3;1;9772347894;B
20240306;102024;586.3;1;9772347897;B
20240306;102024;586.3;1;9772347915;B
20240306;102024;586.3;1;9772347919;B
20240306;102024;586.3;1;9772347923;B
20240306;102025;586.25;10;9772348935;S
20240306;102025;586.3;2;9772348936;B
20240306;102025;586.3;1;9772348937;B
20240306;102025;586.35;7;9772348938;B
20240306;102030;586.35;1;9772351627;B
20240306;102032;586.3;2;9772351802;S
20240306;102032;586.3;1;9772351815;B
20240306;102036;586.2;10;9772353963;B
20240306;102039;586.3;1;9772354294;B
20240306;102039;586.3;5;9772354309;B
20240306;102039;586.3;7;9772354311;B
20240306;102039;586.3;5;9772354314;B
20240306;102039;586.3;5;9772354319;B
20240306;102039;586.3;5;9772354327;B
20240306;102039;586.3;5;9772354331;B
20240306;102039;586.3;5;9772354336;B
20240306;102039;586.3;5;9772354402;B
20240306;102039;586.3;5;9772354415;B
20240306;102039;586.3;5;9772354421;B
20240306;102039;586.3;4;9772354431;B
20240306;102041;586.3;1;9772354534;B
20240306;102041;586.3;1;9772354545;B
20240306;102041;586.3;1;9772354552;B
20240306;102041;586.3;1;9772354556;B
20240306;102041;586.3;1;9772354563;B
20240306;102041;586.3;1;9772354570;B
20240306;102042;586.3;5;9772354661;B
20240306;102044;586.15;4;9772354878;S
20240306;102044;586.15;8;9772354879;S
20240306;102047;586.3;2;9772357711;B
20240306;102049;586.3;4;9772358109;B
20240306;102051;586.3;1;9772358355;B
20240306;102051;586.3;1;9772358362;B
20240306;102052;586.3;1;9772358398;B
20240306;102055;586.3;1;9772358870;B
20240306;102056;586.3;1;9772359945;B
20240306;102108;586.2;2;9772363710;S
20240306;102108;586.2;1;9772363771;S
20240306;102110;586.25;5;9772364197;B
20240306;102110;586.2;2;9772364224;S
20240306;102112;586.25;1;9772364414;B
20240306;102112;586.2;4;9772364415;S
20240306;102118;586.2;1;9772366792;S
20240306;102118;586.2;1;9772366793;S
20240306;102118;586.2;1;9772366794;S
20240306;102118;586.15;2;9772366795;S
20240306;102118;586.15;27;9772366796;S
20240306;102118;586.15;1;9772366797;S
20240306;102118;586.15;1;9772366798;S
20240306;102118;586.1;28;9772366799;S
20240306;102118;586.1;9;9772366800;S
20240306;102123;586.1;3;9772367713;S
20240306;102125;586.05;1;9772368216;S
20240306;102125;586.05;35;9772368237;S
20240306;102130;586.05;1;9772370314;S
20240306;102130;586.2;1;9772370403;B
20240306;102136;586.2;9;9772371962;B
20240306;102136;586.2;2;9772371963;B
20240306;102136;586.2;20;9772371964;B
20240306;102136;586.25;2;9772371965;B
20240306;102136;586.25;28;9772371966;B
20240306;102136;586.25;33;9772371967;B
20240306;102136;586.25;104;9772371968;B
20240306;102138;586.15;1;9772372890;S
20240306;102138;586.1;2;9772372891;S
20240306;102140;586.25;1;9772373050;B
20240306;102149;586.15;1;9772375714;S
20240306;102149;586.1;31;9772375715;S
20240306;102149;586.1;18;9772375716;S
20240306;102149;586.2;2;9772375725;B
20240306;102151;586.2;2;9772375879;B
20240306;102155;586.15;1;9772377384;S
20240306;102155;586.15;1;9772377385;S
20240306;102159;586.2;6;9772377882;B
20240306;102159;586.2;1;9772377883;B
20240306;102159;586.2;7;9772377884;B
20240306;102159;586.25;408;9772377885;B
20240306;102159;586.25;14;9772377886;B
20240306;102159;586.3;118;9772377887;B
20240306;102159;586.3;10;9772377888;B
20240306;102159;586.3;1;9772377889;B
20240306;102159;586.3;50;9772377890;B
20240306;102159;586.3;170;9772377891;B
20240306;102159;586.3;33;9772377892;B
20240306;102159;586.3;2;9772377893;B
20240306;102159;586.3;300;9772377894;B
20240306;102159;586.4;105;9772377895;B
20240306;102159;586.4;2;9772377896;B
20240306;102159;586.4;9;9772377897;B
20240306;102159;586.4;2;9772377898;B
20240306;102159;586.4;1;9772377899;B
20240306;102159;586.4;1;9772377900;B
20240306;102159;586.4;2;9772377901;B
20240306;102159;586.4;14;9772377902;B
20240306;102159;586.4;2;9772377903;B
20240306;102159;586.4;2;9772377904;B
20240306;102159;586.4;3;9772377905;B
20240306;102159;586.4;1;9772377906;B
20240306;102159;586.4;5;9772377907;B
20240306;102159;586.4;2;9772377908;B
20240306;102159;586.4;4;9772377909;B
20240306;102159;586.4;1;9772377910;B
20240306;102159;586.4;1;9772377911;B
20240306;102159;586.4;1;9772377912;B
20240306;102159;586.4;2;9772377913;B
20240306;102159;586.4;2;9772377914;B
20240306;102159;586.4;1;9772377915;B
20240306;102159;586.4;1;9772377916;B
20240306;102159;586.4;3;9772377917;B
20240306;102159;586.4;1;9772377918;B
20240306;102159;586.4;1;9772377919;B
20240306;102159;586.4;2;9772377920;B
20240306;102159;586.4;1;9772377921;B
20240306;102159;586.4;2;9772377922;B
20240306;102159;586.4;1;9772377923;B
20240306;102159;586.4;1;9772377924;B
20240306;102159;586.4;1;9772377925;B
20240306;102159;586.4;10;9772377926;B
20240306;102159;586.4;1;9772377927;B
20240306;102159;586.4;8;9772377928;B
20240306;102159;586.4;2;9772377929;B
20240306;102159;586.4;1;9772377930;B
20240306;102159;586.45;32;9772377931;B
20240306;102159;586.5;1;9772377932;B
20240306;102159;586.5;100;9772377933;B
20240306;102159;586.5;150;9772377934;B
20240306;102159;586.5;550;9772377935;B
20240306;102159;586.55;2;9772377936;B
20240306;102159;586.55;268;9772377937;B
20240306;102159;586.6;136;9772377938;B
20240306;102159;586.6;426;9772377939;B
20240306;102159;586.65;20;9772377940;B
20240306;102159;586.65;136;9772377941;B
20240306;102159;586.7;18;9772377942;B
20240306;102159;586.7;1;9772377943;B
20240306;102159;586.7;341;9772377944;B
20240306;102159;586.45;2;9772377949;S
20240306;102159;586.45;2;9772377962;S
20240306;102159;586.45;2;9772377972;S
20240306;102159;586.45;2;9772377974;S
20240306;102159;586.45;2;9772377979;S
20240306;102159;586.45;2;9772377984;S
20240306;102159;586.45;1;9772377987;S
20240306;102200;586.45;5;9772378400;S
20240306;102200;586.45;4;9772378416;S
20240306;102202;586.4;1;9772378606;S
20240306;102202;586.4;2;9772378649;S
20240306;102202;586.4;9;9772378664;S
20240306;102203;586.4;1;9772378683;S
20240306;102203;586.6;1;9772378744;B
20240306;102203;586.65;2;9772378745;B
20240306;102203;586.65;17;9772378746;B
20240306;102205;586.45;14;9772379423;S
20240306;102205;586.45;2;9772379437;S
20240306;102206;586.45;7;9772380217;S
20240306;102207;586.4;5;9772380521;S
20240306;102207;586.4;10;9772380529;S
20240306;102207;586.45;2;9772380579;S
20240306;102208;586.45;9;9772380623;S
20240306;102208;586.45;2;9772380630;S
20240306;102209;586.45;7;9772380709;S
20240306;102209;586.4;8;9772380710;S
20240306;102209;586.4;30;9772380742;S
20240306;102209;586.4;21;9772380747;S
20240306;102210;586.4;10;9772381057;S
20240306;102211;586.4;4;9772381302;S
20240306;102212;586.4;7;9772381367;S
20240306;102212;586.4;6;9772381368;S
20240306;102213;586.65;16;9772382056;B
20240306;102213;586.65;32;9772382057;B
20240306;102213;586.65;50;9772382058;B
20240306;102213;586.7;88;9772382059;B
20240306;102213;586.75;25;9772382060;B
20240306;102213;586.75;89;9772382061;B
20240306;102213;586.45;3;9772382062;S
20240306;102213;586.45;3;9772382117;S
20240306;102213;586.45;1;9772382122;S
20240306;102214;586.7;2;9772382783;B
20240306;102215;586.45;4;9772383058;S
20240306;102227;586.6;1;9772385601;B
20240306;102227;586.6;28;9772385602;B
20240306;102227;586.65;22;9772385603;B
20240306;102227;586.45;28;9772385612;S
20240306;102227;586.4;152;9772385613;S
20240306;102227;586.4;2;9772385614;S
20240306;102227;586.35;32;9772385615;S
20240306;102227;586.3;136;9772385616;S
20240306;102227;586.3;50;9772385617;S
20240306;102227;586.5;25;9772385830;B
20240306;102231;586.3;1;9772386647;S
20240306;102231;586.3;2;9772387179;S
20240306;102232;586.3;1;9772387333;S
20240306;102237;586.5;1;9772388567;B
20240306;102242;586.3;5;9772390057;S
20240306;102302;586.3;2;9772394549;S
20240306;102303;586.3;29;9772394614;S
20240306;102303;586.3;2;9772394615;S
20240306;102303;586.3;4;9772394616;S
20240306;102303;586.3;2;9772394617;S
20240306;102303;586.3;1;9772394618;S
20240306;102303;586.3;1;9772394619;S
20240306;102303;586.3;1;9772394620;S
20240306;102305;586.3;2;9772395345;S
20240306;102307;586.3;50;9772395445;S
20240306;102308;586.3;1;9772395577;S
20240306;102310;586.4;5;9772395731;B
20240306;102311;586.4;1;9772395858;B
20240306;102312;586.4;1;9772396941;B
20240306;102320;586.45;1;9772399652;B
20240306;102321;586.3;1;9772399700;S
20240306;102321;586.3;1;9772399701;S
20240306;102321;586.3;78;9772399702;B
20240306;102322;586.25;3;9772399986;S
20240306;102322;586.25;3;9772399987;S
20240306;102322;586.25;4;9772399988;S
20240306;102326;586.25;1;9772401204;S
20240306;102330;586.45;9;9772403075;B
20240306;102330;586.45;2;9772403076;B
20240306;102330;586.5;2;9772403077;B
20240306;102330;586.5;7;9772403078;B
20240306;102346;586.5;1;9772409264;B
20240306;102347;586.3;1;9772409437;S
20240306;102350;586.3;3;9772409790;S
20240306;102350;586.3;23;9772409791;S
20240306;102359;586.3;3;9772412956;S
20240306;102401;586.5;30;9772413420;B
20240306;102402;586.5;1;9772413784;B
20240306;102405;586.5;2;9772414503;B
20240306;102410;586.3;2;9772416361;S
20240306;102412;586.5;2;9772416951;B
20240306;102416;586.3;1;9772418200;S
20240306;102416;586.3;1;9772418201;S
20240306;102416;586.3;48;9772418202;S
20240306;102418;586.5;1;9772419218;B
20240306;102418;586.3;2;9772419288;S
20240306;102418;586.3;2;9772419289;S
20240306;102424;586.5;1;9772422130;B
20240306;102426;586.5;1;9772423016;B
20240306;102436;586.3;6;9772426843;S
20240306;102436;586.3;1;9772426844;S
20240306;102436;586.3;7;9772426845;S
20240306;102436;586.3;1;9772426846;S
20240306;102436;586.25;26;9772426847;S
20240306;102436;586.2;30;9772426848;S
20240306;102436;586.15;50;9772426849;S
20240306;102436;586.15;143;9772426850;S
20240306;102436;586.1;50;9772426851;S
20240306;102436;586.1;28;9772426852;S
20240306;102436;586.1;310;9772426853;S
20240306;102436;586.1;50;9772426854;S
20240306;102436;586.05;30;9772426855;S
20240306;102436;586.05;35;9772426856;S
20240306;102436;586.05;3;9772426857;S
20240306;102436;586.05;230;9772426858;S
20240306;102436;586.25;28;9772426933;B
20240306;102436;586.3;30;9772426934;B
20240306;102436;586.35;17;9772426935;B
20240306;102457;586.3;1;9772435937;B
20240306;102457;586.3;2;9772435968;B
20240306;102504;586.05;28;9772438147;S
20240306;102504;586.05;50;9772438148;S
20240306;102504;586;10;9772438149;S
20240306;102504;586;1;9772438150;S
20240306;102504;586;1;9772438151;S
20240306;102504;586;1;9772438152;S
20240306;102505;586.3;1;9772439215;B
20240306;102507;586.3;5;9772440110;B
20240306;102512;586.3;19;9772441794;B
20240306;102512;586.3;1;9772441795;B
20240306;102512;586.3;30;9772441796;B
20240306;102512;586.3;1;9772441797;B
20240306;102512;586.3;50;9772441798;B
20240306;102512;586.3;2;9772441799;B
20240306;102512;586.3;6;9772441850;S
20240306;102513;586.35;3;9772442101;B
20240306;102513;586.35;7;9772442102;B
20240306;102514;586.3;5;9772442134;S
20240306;102527;586.3;2;9772444434;B
20240306;102531;586.3;1;9772444659;B
20240306;102533;586.15;41;9772444908;S
20240306;102534;586.3;1;9772444988;B
20240306;102537;586.3;1;9772445234;B
20240306;102542;586.15;9;9772445694;S
20240306;102542;586.15;5;9772445695;S
20240306;102542;586.15;100;9772445699;B
20240306;102549;586.3;1;9772446486;B
20240306;102551;586.15;4;9772446875;S
20240306;102552;586.3;22;9772446986;B
20240306;102552;586.3;1;9772446987;B
20240306;102552;586.3;1;9772446988;B
20240306;102552;586.3;116;9772446989;B
20240306;102553;586.3;5;9772447143;B
20240306;102554;586.2;12;9772447210;S
20240306;102554;586.2;51;9772447221;S
20240306;102554;586.2;14;9772447269;S
20240306;102556;586.3;2;9772447490;B
20240306;102557;586.2;10;9772447556;B
20240306;102558;586.3;4;9772447613;B
20240306;102559;586.15;5;9772447721;S
20240306;102604;586.3;1;9772448374;B
20240306;102605;586.15;6;9772448540;S
20240306;102606;586.3;1;9772448607;B
20240306;102609;586.3;3;9772449032;B
20240306;102610;586.2;1;9772449143;S
20240306;102610;586.15;1;9772449180;S
20240306;102611;586.3;3;9772449416;B
20240306;102615;586.3;2;9772449834;B
20240306;102617;586.15;1;9772450149;S
20240306;102618;586.15;2;9772450240;S
20240306;102620;586.1;2;9772450400;S
20240306;102621;586.25;2;9772450481;B
20240306;102626;586.1;4;9772451201;S
20240306;102629;586.05;1;9772451362;S
20240306;102634;586.05;2;9772451793;S
20240306;102634;586.05;1;9772451794;S
20240306;102634;586.05;2;9772451795;S
20240306;102634;586.05;141;9772451796;S
20240306;102634;586.05;28;9772451797;S
20240306;102634;586;4;9772451798;S
20240306;102634;586;55;9772451799;S
20240306;102634;586;1;9772451800;S
20240306;102634;586;566;9772451801;S
20240306;102640;586.2;11;9772452258;B
20240306;102640;586.2;11;9772452298;B
20240306;102640;586.25;11;9772452329;B
20240306;102640;586.25;3;9772452353;B
20240306;102640;586.25;8;9772452354;B
20240306;102640;586.25;7;9772452387;B
20240306;102640;586.25;6;9772452388;B
20240306;102640;586.25;14;9772452406;B
20240306;102640;586.25;11;9772452443;B
20240306;102640;586.25;15;9772452461;B
20240306;102640;586.25;4;9772452498;B
20240306;102640;586.25;20;9772452499;B
20240306;102640;586.25;8;9772452553;B
20240306;102640;586.25;5;9772452567;S
20240306;102641;586.3;161;9772452614;B
20240306;102641;586.3;2;9772452640;B
20240306;102641;586.3;11;9772452657;B
20240306;102641;586.3;11;9772452839;B
20240306;102642;586.2;7;9772452921;S
20240306;102642;586.3;13;9772452934;B
20240306;102643;586.15;1;9772453068;S
20240306;102644;586.1;1;9772453131;S
20240306;102647;586.1;10;9772453326;S
20240306;102648;586.1;6;9772453477;S
20240306;102648;586.25;1;9772453478;B
20240306;102659;586.1;11;9772454453;S
20240306;102659;586.1;30;9772454454;S
20240306;102659;586.1;10;9772454455;S
20240306;102659;586.1;2;9772454456;S
20240306;102659;586.1;26;9772454457;B
20240306;102707;586.25;2;9772455082;B
20240306;102708;586.25;1;9772455099;B
20240306;102709;586.05;36;9772455302;S
20240306;102710;586.05;40;9772455368;S
20240306;102719;586.25;20;9772456136;B
20240306;102722;586.1;5;9772456803;S
20240306;102727;586.1;1;9772457203;S
20240306;102729;586.2;2;9772457407;B
20240306;102730;586.15;1;9772457432;S
20240306;102732;586.15;4;9772457767;S
20240306;102732;586.15;2;9772457819;S
20240306;102732;586.1;5;9772457820;S
20240306;102735;586.2;1;9772458130;B
20240306;102736;586.15;3;9772458266;S
20240306;102736;586.15;1;9772458267;S
20240306;102736;586.15;1;9772458268;S
20240306;102736;586.15;2;9772458269;S
20240306;102736;586.15;30;9772458270;S
20240306;102736;586.1;4;9772458271;S
20240306;102740;586.15;1;9772458570;B
20240306;102740;586.2;16;9772458571;B
20240306;102741;586.15;5;9772458728;S
20240306;102745;586.2;131;9772459025;B
20240306;102745;586.25;4;9772459174;B
20240306;102745;586.25;1;9772459175;B
20240306;102745;586.3;1;9772459207;B
20240306;102745;586.3;1;9772459208;B
20240306;102745;586.3;100;9772459209;B
20240306;102746;586.4;1;9772459352;B
20240306;102748;586.4;1;9772459444;B
20240306;102750;586.4;10;9772459670;B
20240306;102751;586.35;1;9772459755;S
20240306;102751;586.4;4;9772459756;B
20240306;102751;586.4;136;9772459757;B
20240306;102751;586.45;1;9772459795;B
20240306;102751;586.45;1;9772459796;B
20240306;102754;586.4;1;9772460042;S
20240306;102755;586.4;4;9772460077;S
20240306;102756;586.5;1;9772460210;B
20240306;102801;586.4;45;9772460897;S
20240306;102801;586.35;55;9772460898;S
20240306;102806;586.4;1;9772461349;S
20240306;102806;586.4;1;9772461350;S
20240306;102806;586.4;1;9772461351;S
20240306;102806;586.4;1;9772461352;S
20240306;102806;586.4;1;9772461353;S
20240306;102806;586.4;1;9772461354;S
20240306;102806;586.4;1;9772461355;S
20240306;102806;586.4;1;9772461356;S
20240306;102806;586.4;1;9772461357;S
20240306;102806;586.4;2;9772461358;S
20240306;102807;586.4;3;9772461495;B
20240306;102814;586.25;1;9772462398;S
20240306;102815;586.4;3;9772462492;B
20240306;102817;586.4;5;9772462691;B
20240306;102817;586.25;4;9772462714;S
20240306;102820;586.2;146;9772462925;S
20240306;102820;586.15;28;9772462926;S
20240306;102820;586.15;50;9772462927;S
20240306;102820;586.15;15;9772462928;S
20240306;102820;586.1;1;9772462929;S
20240306;102820;586.1;150;9772462930;S
20240306;102820;586.05;210;9772462931;S
20240306;102821;586.05;5;9772463099;S
20240306;102823;586.35;1;9772463274;B
20240306;102823;586.35;1;9772463293;B
20240306;102835;586.3;1;9772464929;B
20240306;102840;586.3;4;9772465716;B
20240306;102840;586.35;5;9772465717;B
20240306;102841;586.15;5;9772465752;S
20240306;102846;586.15;1;9772466452;S
20240306;102850;586.15;8;9772466918;S
20240306;102851;586.15;36;9772467036;S
20240306;102851;586.15;1;9772467037;S
20240306;102851;586.15;10;9772467038;S
20240306;102851;586.15;4;9772467039;S
20240306;102851;586.1;5;9772467040;S
20240306;102859;586.3;5;9772467714;B
20240306;102859;586.3;30;9772467715;B
20240306;102859;586.35;28;9772467716;B
20240306;102859;586.35;7;9772467717;B
20240306;102901;586.4;15;9772467966;B
20240306;102904;586.4;2;9772468236;B
20240306;102905;586.15;1;9772468284;S
20240306;102905;586.15;28;9772468285;S
20240306;102905;586.15;5;9772468286;S
20240306;102905;586.15;28;9772468287;B
20240306;102908;586.35;20;9772468702;B
20240306;102915;586.35;24;9772469479;B
20240306;102916;586.15;1;9772469548;S
20240306;102918;586.15;1;9772469776;S
20240306;102920;586.35;1;9772469954;B
20240306;102922;586.15;4;9772470139;S
20240306;102923;586.35;2;9772470330;B
20240306;102928;586.35;1;9772470928;B
20240306;102931;586.15;2;9772471334;S
20240306;102938;586.35;6;9772471950;B
20240306;102938;586.4;18;9772471951;B
20240306;102938;586.4;105;9772471952;B
20240306;102946;586.2;1;9772472755;S
20240306;102950;586.3;1;9772473082;B
20240306;102950;586.25;5;9772473100;S
20240306;102959;586.3;4;9772474125;B
20240306;103000;586.4;1;9772474318;B
20240306;103001;586.25;1;9772474405;S
20240306;103004;586.2;9;9772474661;S
20240306;103008;586.4;1;9772475134;B
20240306;103012;586.2;1;9772475596;S
20240306;103019;586.4;3;9772476253;B
20240306;103019;586.2;8;9772476297;S
20240306;103019;586.2;12;9772476298;S
20240306;103022;586.2;1;9772476575;S
20240306;103022;586.2;80;9772476576;S
20240306;103022;586.15;6;9772476577;S
20240306;103022;586.15;4;9772476578;S
20240306;103024;586.35;1;9772476751;B
20240306;103030;586.35;1;9772477408;B
20240306;103031;586.35;1;9772477450;B
20240306;103033;586.35;1;9772477585;B
20240306;103036;586.35;10;9772477869;B
20240306;103044;586.35;1;9772478772;B
20240306;103046;586.35;27;9772478978;B
20240306;103048;586.1;5;9772479179;S
20240306;103049;586.1;1;9772479238;S
20240306;103054;586.1;13;9772479609;S
20240306;103110;586.35;1;9772481116;B
20240306;103116;586.35;14;9772481639;B
20240306;103124;586.15;7;9772482333;S
20240306;103127;586.35;1;9772482479;B
20240306;103133;586.35;1;9772482949;B
20240306;103133;586.35;1;9772482974;B
20240306;103135;586.15;1;9772483109;S
20240306;103144;586.35;11;9772484092;B
20240306;103144;586.35;6;9772484093;B
20240306;103158;586.35;1;9772485466;B
20240306;103158;586.4;3;9772485467;B
20240306;103203;586.4;1;9772486024;B
20240306;103208;586.4;1;9772486484;B
20240306;103208;586.4;1;9772486524;B
20240306;103212;586.4;1;9772486835;B
20240306;103225;586.2;1;9772487934;S
20240306;103226;586.4;1;9772487986;B
20240306;103228;586.4;5;9772488111;B
20240306;103240;586.25;9;9772489268;S
20240306;103241;586.4;2;9772489325;B
20240306;103241;586.4;3;9772489326;B
20240306;103243;586.25;8;9772489441;S
20240306;103247;586.25;28;9772489833;S
20240306;103247;586.2;7;9772489834;S
20240306;103249;586.4;3;9772489973;B
20240306;103251;586.4;13;9772490145;B
20240306;103251;586.4;2;9772490146;B
20240306;103251;586.4;61;9772490147;B
20240306;103257;586.4;13;9772490577;B
20240306;103259;586.2;5;9772490696;S
20240306;103303;586.4;1;9772490969;B
20240306;103304;586.25;9;9772491063;B
20240306;103314;586.25;1;9772491932;S
20240306;103314;586.25;1;9772491933;S
20240306;103314;586.25;2;9772491934;S
20240306;103314;586.25;8;9772491935;S
20240306;103314;586.25;12;9772491936;S
20240306;103314;586.2;4;9772491937;S
20240306;103314;586.2;10;9772491938;S
20240306;103314;586.2;14;9772491939;S
20240306;103314;586.2;1;9772491940;S
20240306;103314;586.2;2;9772491941;S
20240306;103314;586.2;2;9772491942;S
20240306;103314;586.2;2;9772491943;S
20240306;103314;586.2;1;9772491944;S
20240306;103314;586.2;2;9772491945;S
20240306;103314;586.2;6;9772491946;S
20240306;103314;586.2;6;9772491947;S
20240306;103314;586.2;3;9772491948;S
20240306;103314;586.2;1;9772491949;S
20240306;103314;586.2;3;9772491950;S
20240306;103314;586.2;1;9772491951;S
20240306;103314;586.2;31;9772491952;S
20240306;103314;586.2;9;9772491953;S
20240306;103314;586.2;22;9772491954;S
20240306;103314;586.2;2;9772491955;S
20240306;103314;586.2;3;9772491956;S
20240306;103314;586.2;3;9772491957;S
20240306;103314;586.2;1;9772491959;S
20240306;103314;586.15;1;9772491960;S
20240306;103314;586.15;1;9772491961;S
20240306;103314;586.15;5;9772491962;S
20240306;103314;586.15;1;9772491963;S
20240306;103314;586.15;7;9772491964;S
20240306;103314;586.15;1;9772491965;S
20240306;103314;586.15;1;9772491967;S
20240306;103314;586.15;1;9772491969;S
20240306;103314;586.15;1;9772491973;S
20240306;103314;586.15;2;9772491974;S
20240306;103314;586.15;1;9772491975;S
20240306;103314;586.15;1;9772491976;S
20240306;103314;586.15;1;9772491977;S
20240306;103314;586.15;1;9772491978;S
20240306;103314;586.15;2;9772491979;S
20240306;103314;586.15;1;9772491980;S
20240306;103314;586.15;5;9772491982;S
20240306;103314;586.15;3;9772491987;S
20240306;103314;586.1;3;9772491988;S
20240306;103314;586.1;3;9772491992;S
20240306;103314;586.1;2;9772491993;S
20240306;103314;586.1;3;9772492005;S
20240306;103314;586.1;1;9772492006;S
20240306;103314;586.1;1;9772492007;S
20240306;103314;586.1;1;9772492008;S
20240306;103314;586.1;7;9772492009;S
20240306;103314;586.1;2;9772492010;S
20240306;103314;586.1;2;9772492011;S
20240306;103314;586.1;1;9772492012;S
20240306;103314;586.1;2;9772492014;S
20240306;103314;586.1;3;9772492026;S
20240306;103314;586.1;2;9772492027;S
20240306;103314;586.1;2;9772492028;S
20240306;103314;586.1;1;9772492029;S
20240306;103314;586.1;1;9772492030;S
20240306;103314;586.1;2;9772492032;S
20240306;103314;586.1;2;9772492034;S
