<DATE>;<TIME>;<LAST>;<VOL>;<ID>;<OPER>
20240313;095953;586.1;3;9818228932;B
20240313;095953;586.1;1;9818228933;B
20240313;095953;586.1;4;9818228934;B
20240313;095953;586.1;14;9818228935;B
20240313;095953;586.1;2;9818228936;B
20240313;095953;586.1;18;9818228937;B
20240313;095953;586.1;15;9818228938;B
20240313;095953;586.1;150;9818228939;B
20240313;095953;586.1;1;9818228940;B
20240313;095953;586.1;1;9818228941;B
20240313;095953;586.1;1;9818228942;B
20240313;095953;586.1;58;9818228943;B
20240313;095953;586.1;60;9818228944;B
20240313;095953;586.1;4;9818228945;B
20240313;095953;586.1;1;9818228946;B
20240313;095953;586.1;5;9818228947;B
20240313;095953;586.1;1;9818228948;B
20240313;095953;586.1;1;9818228949;B
20240313;095953;586.1;400;9818228950;B
20240313;095953;586.1;1;9818228951;B
20240313;095953;586.1;1;9818228952;B
20240313;095953;586.1;2;9818228953;B
20240313;095953;586.1;2;9818228954;B
20240313;095953;586.1;2;9818228955;B
20240313;095953;586.1;1;9818228956;B
20240313;095953;586.1;2;9818228957;B
20240313;095953;586.1;1;9818228958;B
20240313;095953;586.1;1;9818228959;B
20240313;095953;586.1;2;9818228960;B
20240313;095953;586.1;2;9818228961;B
20240313;095953;586.1;3;9818228962;B
20240313;095953;586.1;2;9818228963;B
20240313;095953;586.1;1000;9818228964;B
20240313;095953;586.1;3;9818228965;B
20240313;095953;586.1;2;9818228966;B
20240313;095953;586.1;2;9818228967;B
20240313;095953;586.1;2;9818228968;B
20240313;095953;586.1;2;9818228969;B
20240313;095953;586.1;2;9818228970;B
20240313;095953;586.1;2;9818228971;B
20240313;095953;586.1;1;9818228972;B
20240313;095953;586.1;1;9818228973;B
20240313;095953;586.1;2;9818228974;B
20240313;095953;586.1;1;9818228975;B
20240313;095953;586.1;1;9818228976;B
20240313;095953;586.1;2;9818228977;B
20240313;095953;586.1;2;9818228978;B
20240313;095953;586.1;1;9818228979;B
20240313;095953;586.1;1;9818228980;B
20240313;095953;586.1;2;9818228981;B
20240313;095953;586.1;1;9818228982;B
20240313;095953;586.1;1;9818228983;B
20240313;095953;586.1;1;9818228984;B
20240313;095953;586.1;1;9818228985;B
20240313;095953;586.1;1;9818228986;B
20240313;095953;586.1;4;9818228987;B
20240313;095953;586.1;2;9818228988;B
20240313;095953;586.1;3;9818228989;B
20240313;095953;586.1;2;9818228990;B
20240313;095953;586.1;1;9818228991;B
20240313;095953;586.1;1;9818228992;B
20240313;095953;586.1;1;9818228993;B
20240313;095953;586.1;1;9818228994;B
20240313;095953;586.1;5;9818228995;B
20240313;095953;586.1;5;9818228996;B
20240313;095953;586.1;50;9818228997;B
20240313;095953;586.1;1;9818228998;B
20240313;095953;586.1;2;9818228999;B
20240313;095953;586.1;1;9818229000;B
20240313;095953;586.1;3;9818229001;B
20240313;095953;586.1;20;9818229002;B
20240313;095953;586.1;3;9818229003;B
20240313;095953;586.1;1;9818229004;B
20240313;095953;586.1;5;9818229005;B
20240313;095953;586.1;1;9818229006;B
20240313;095953;586.1;1;9818229007;B
20240313;095953;586.1;1;9818229008;B
20240313;095953;586.1;1;9818229009;B
20240313;095953;586.1;1;9818229010;B
20240313;095953;586.1;1;9818229011;B
20240313;095953;586.1;2;9818229012;B
20240313;095953;586.1;2;9818229013;B
20240313;095953;586.1;1;9818229014;B
20240313;095953;586.1;7;9818229015;B
20240313;095953;586.1;2;9818229016;B
20240313;095953;586.1;4;9818229017;B
20240313;095953;586.1;1;9818229018;B
20240313;095953;586.1;6;9818229019;B
20240313;095953;586.1;40;9818229020;B
20240313;095953;586.1;5;9818229021;B
20240313;095953;586.1;12;9818229022;B
20240313;095953;586.1;12;9818229023;B
20240313;095953;586.1;12;9818229024;B
20240313;095953;586.1;3;9818229025;B
20240313;095953;586.1;12;9818229026;B
20240313;095953;586.1;12;9818229027;B
20240313;095953;586.1;12;9818229028;B
20240313;095953;586.1;12;9818229029;B
20240313;095953;586.1;12;9818229030;B
20240313;095953;586.1;2;9818229031;B
20240313;095953;586.1;2;9818229032;B
20240313;095953;586.1;2;9818229033;B
20240313;095953;586.1;1;9818229034;B
20240313;095953;586.1;1;9818229035;B
20240313;095953;586.1;1;9818229036;B
20240313;095953;586.1;70;9818229037;B
20240313;095953;586.1;1;9818229038;B
20240313;095953;586.1;12;9818229039;B
20240313;095953;586.1;1;9818229040;B
20240313;095953;586.1;1;9818229041;B
20240313;095953;586.1;10;9818229042;B
20240313;095953;586.1;2;9818229043;B
20240313;095953;586.1;17;9818229044;B
20240313;095953;586.1;1;9818229045;B
20240313;095953;586.1;20;9818229046;B
20240313;095953;586.1;10;9818229047;B
20240313;095953;586.1;10;9818229048;B
20240313;095953;586.1;10;9818229049;B
20240313;095953;586.1;7;9818229050;B
20240313;095953;586.1;10;9818229051;B
20240313;095953;586.1;2;9818229052;B
20240313;095953;586.1;169;9818229053;B
20240313;095953;586.1;10;9818229054;B
20240313;095953;586.1;5;9818229055;B
20240313;095953;586.1;441;9818229056;B
20240313;095953;586.1;5;9818229057;S
20240313;095953;586.1;5;9818229058;S
20240313;095953;586.1;3;9818229059;S
20240313;095953;586.1;4;9818229060;S
20240313;095953;586.1;4;9818229061;S
20240313;095953;586.1;292;9818229062;S
20240313;095953;586.1;245;9818229063;S
20240313;095953;586.1;755;9818229064;S
20240313;095953;586.1;29;9818229065;S
20240313;095953;586.1;10;9818229066;S
20240313;095953;586.1;25;9818229067;S
20240313;095953;586.1;180;9818229068;S
20240313;095953;586.1;10;9818229069;S
20240313;095953;586.1;2;9818229070;S
20240313;095953;586.1;1;9818229071;S
20240313;095953;586.1;56;9818229072;B
20240313;095953;586.1;20;9818229073;B
20240313;095953;586.1;2;9818229074;S
20240313;095953;586.1;56;9818229075;S
20240313;095953;586.1;7;9818229076;S
20240313;095953;586.1;2;9818229077;S
20240313;095953;586.1;53;9818229078;S
20240313;095953;586.1;4;9818229079;S
20240313;095953;586.1;18;9818229080;S
20240313;095953;586.1;10;9818229081;S
20240313;095953;586.1;1;9818229082;S
20240313;095953;586.1;1;9818229083;B
20240313;095953;586.1;10;9818229084;S
20240313;095953;586.1;15;9818229085;B
20240313;095953;586.1;169;9818229086;S
20240313;095953;586.1;100;9818229087;S
20240313;095953;586.1;1;9818229088;S
20240313;095953;586.1;11;9818229089;S
20240313;095953;586.1;1;9818229090;S
20240313;095953;586.1;1;9818229091;S
20240313;095953;586.1;5;9818229092;B
20240313;095953;586.1;1;9818229093;B
20240313;095953;586.1;685;9818229094;B
20240313;095953;586.1;315;9818229095;B
20240313;095953;586.1;50;9818229096;S
20240313;095953;586.1;1;9818229097;S
20240313;095953;586.1;3;9818229098;S
20240313;095953;586.1;1;9818229099;S
20240313;095953;586.1;5;9818229100;S
20240313;095953;586.1;170;9818229101;S
20240313;095953;586.1;1;9818229102;B
20240313;095953;586.1;1;9818229103;B
20240313;095953;586.1;1;9818229104;B
20240313;095953;586.1;2;9818229105;S
20240313;095953;586.1;2;9818229106;S
20240313;095953;586.1;1;9818229107;S
20240313;095953;586.1;2;9818229108;S
20240313;095953;586.1;213;9818229109;S
20240313;095953;586.1;1;9818229110;S
20240313;095953;586.1;1586;9818229111;B
20240313;095953;586.1;102;9818229112;B
20240313;095953;586.1;3;9818229113;B
20240313;095953;586.1;3;9818229114;B
20240313;095953;586.1;3;9818229115;B
20240313;095953;586.1;3;9818229116;B
20240313;095953;586.1;3;9818229117;B
20240313;095953;586.1;22;9818229118;S
20240313;095953;586.1;178;9818229119;S
20240313;095953;586.1;22;9818229120;B
20240313;095953;586.1;3;9818229121;S
20240313;095953;586.1;10;9818229122;B
20240313;095953;586.1;3;9818229123;B
20240313;095953;586.1;3;9818229124;B
20240313;095953;586.1;1;9818229125;S
20240313;095953;586.1;2;9818229126;S
20240313;095953;586.1;1;9818229127;S
20240313;095953;586.1;3;9818229128;B
20240313;095953;586.1;3;9818229129;B
20240313;095953;586.1;3;9818229130;B
20240313;095953;586.1;3;9818229131;B
20240313;095953;586.1;3;9818229132;B
20240313;095953;586.1;50;9818229133;S
20240313;095953;586.1;3;9818229134;B
20240313;095953;586.1;12;9818229135;S
20240313;095953;586.1;1;9818229136;S
20240313;095953;586.1;2;9818229137;S
20240313;095953;586.1;35;9818229138;S
20240313;095953;586.1;8;9818229139;B
20240313;095953;586.1;57;9818229140;B
20240313;095953;586.1;100;9818229141;B
20240313;095953;586.1;5;9818229142;B
20240313;095953;586.1;38;9818229143;B
20240313;095953;586.1;3;9818229144;B
20240313;095953;586.1;6;9818229145;B
20240313;095953;586.1;3953;9818229146;B
20240313;095953;586.1;60;9818229147;B
20240313;100000;586.55;100;9818230162;B
20240313;100000;586.55;5;9818230164;S
20240313;100000;586.55;4;9818230165;S
20240313;100000;586.55;13;9818230183;S
20240313;100000;586.55;9;9818230191;S
20240313;100000;586.55;11;9818230210;S
20240313;100000;586.55;1;9818230221;S
20240313;100000;586.55;2;9818230243;S
20240313;100000;586.55;13;9818230269;S
20240313;100000;586.6;642;9818230271;B
20240313;100000;586.6;358;9818230272;B
20240313;100000;586.55;11;9818230285;S
20240313;100000;586.65;1;9818230300;B
20240313;100000;586.75;41;9818230301;B
20240313;100000;586.75;159;9818230306;B
20240313;100000;586.9;1041;9818230307;B
20240313;100000;586.9;89;9818230331;B
20240313;100000;586.7;48;9818230332;S
20240313;100000;586.7;52;9818230333;S
20240313;100000;586.7;200;9818230334;S
20240313;100000;586.7;100;9818230335;S
20240313;100000;586.7;100;9818230336;S
20240313;100000;586.6;200;9818230337;S
20240313;100000;586.55;100;9818230338;S
20240313;100000;586.55;100;9818230339;S
20240313;100000;586.55;100;9818230340;S
20240313;100000;586.55;100;9818230341;S
20240313;100000;586.55;100;9818230342;S
20240313;100000;586.55;100;9818230343;S
20240313;100000;586.4;426;9818230344;S
20240313;100000;586.1;474;9818230345;S
20240313;100000;586.55;10;9818230348;B
20240313;100000;586.55;9;9818230367;B
20240313;100000;586.55;100;9818230371;B
20240313;100000;586.55;10;9818230377;B
20240313;100000;586.55;1;9818230379;B
20240313;100000;586.55;100;9818230381;B
20240313;100000;586.55;6;9818230382;B
20240313;100000;586.55;220;9818230398;B
20240313;100000;586.55;41;9818230399;B
20240313;100000;586.5;100;9818230410;S
20240313;100000;586.4;9;9818230411;S
20240313;100000;586.25;9;9818230412;S
20240313;100000;586.15;32;9818230413;S
20240313;100000;586.55;61;9818230425;B
20240313;100000;586.55;11;9818230426;B
20240313;100000;586.55;1;9818230427;B
20240313;100000;586.55;1;9818230428;B
20240313;100000;586.55;61;9818230429;B
20240313;100000;586.55;61;9818230431;B
20240313;100000;586.55;61;9818230432;B
20240313;100000;586.55;61;9818230433;B
20240313;100000;586.55;40;9818230435;B
20240313;100000;586.55;4;9818230544;B
20240313;100000;586.55;9;9818230545;B
20240313;100000;586.9;87;9818230553;B
20240313;100000;586.85;100;9818230556;S
20240313;100000;586.35;425;9818230607;S
20240313;100000;586.3;510;9818230608;S
20240313;100000;586.25;65;9818230609;S
20240313;100000;586.85;1;9818230650;B
20240313;100001;586.25;170;9818230667;S
20240313;100001;586.25;22;9818230671;S
20240313;100001;586.25;2;9818230673;S
20240313;100001;586.85;20;9818230712;B
20240313;100001;586.85;50;9818230727;B
20240313;100001;586.3;1;9818230731;S
20240313;100001;586.25;69;9818230732;S
20240313;100001;586.85;10;9818230794;B
20240313;100001;586.25;150;9818230876;S
20240313;100001;586.85;500;9818230879;B
20240313;100001;586.55;100;9818230937;S
20240313;100001;586.6;41;9818230944;S
20240313;100001;586.6;89;9818231002;S
20240313;100001;586.85;3;9818231116;B
20240313;100001;586.85;1;9818231131;B
20240313;100001;586.6;50;9818231154;S
20240313;100001;586.85;6;9818231215;B
20240313;100001;586.6;20;9818231231;S
20240313;100002;586.85;52;9818231566;B
20240313;100002;586.85;1;9818231571;B
20240313;100002;586.85;2;9818231581;B
20240313;100002;586.85;7;9818231601;B
20240313;100003;586.9;1;9818232151;B
20240313;100003;586.9;693;9818232172;B
20240313;100003;586.9;108;9818232173;B
20240313;100003;586.9;2;9818232184;B
20240313;100004;586.75;5;9818232370;S
20240313;100004;586.6;1;9818232371;S
20240313;100004;586.55;6;9818232372;S
20240313;100004;586.5;5;9818232373;S
20240313;100004;586.5;5;9818232374;S
20240313;100004;586.45;1;9818232375;S
20240313;100004;586.45;177;9818232376;S
20240313;100004;586.9;51;9818232390;B
20240313;100004;586.9;1;9818232391;B
20240313;100004;586.8;100;9818232400;S
20240313;100004;586.7;100;9818232401;B
20240313;100005;586.55;2;9818232515;S
20240313;100005;586.7;1;9818232523;B
20240313;100005;586.7;2;9818232527;B
20240313;100005;586.7;1;9818232533;B
20240313;100005;586.7;46;9818232539;B
20240313;100005;586.9;304;9818232540;B
20240313;100005;586.9;1100;9818232572;B
20240313;100005;586.75;1;9818232590;S
20240313;100005;586.9;1;9818232591;B
20240313;100005;586.9;2;9818232592;B
20240313;100005;586.75;1;9818232593;S
20240313;100005;586.9;2;9818232594;B
20240313;100005;586.9;2;9818232597;B
20240313;100005;586.75;1;9818232599;S
20240313;100005;586.9;2;9818232601;B
20240313;100005;586.75;1;9818232602;S
20240313;100005;586.75;2;9818232604;S
20240313;100005;586.75;2;9818232605;S
20240313;100005;586.9;2;9818232607;B
20240313;100005;586.9;2;9818232609;B
20240313;100005;586.6;1;9818232784;S
20240313;100005;586.55;4;9818232785;S
20240313;100005;586.9;4;9818232861;B
20240313;100005;586.55;2;9818232863;S
20240313;100005;586.55;1;9818232864;S
20240313;100005;586.55;1;9818232871;S
20240313;100005;586.9;5;9818232876;B
20240313;100005;586.9;2;9818232877;B
20240313;100005;586.9;2;9818232878;B
20240313;100005;586.9;1;9818232882;B
20240313;100005;586.9;2;9818232885;B
20240313;100005;586.9;2;9818233310;B
20240313;100005;586.9;2;9818233314;B
20240313;100005;586.9;1;9818233319;B
20240313;100005;586.9;1;9818233322;B
20240313;100005;586.55;2;9818233323;S
20240313;100005;586.9;1;9818233333;B
20240313;100005;586.9;3;9818233344;B
20240313;100005;586.9;1;9818233347;B
20240313;100005;586.9;2;9818233349;B
20240313;100005;586.9;1;9818233351;B
20240313;100005;586.9;1;9818233353;B
20240313;100005;586.9;1;9818233357;B
20240313;100005;586.55;26;9818233358;S
20240313;100005;586.9;30;9818233361;B
20240313;100005;586.9;2;9818233363;B
20240313;100005;586.55;10;9818233366;S
20240313;100005;586.9;3;9818233375;B
20240313;100005;586.9;1;9818233378;B
20240313;100005;586.9;2;9818233384;B
20240313;100005;586.9;2;9818233386;B
20240313;100005;586.9;1;9818233387;B
20240313;100005;586.9;1;9818233389;B
20240313;100005;586.9;15;9818233391;B
20240313;100005;586.9;2;9818233393;B
20240313;100005;586.55;2;9818233395;S
20240313;100005;586.9;2;9818233396;B
20240313;100005;586.9;2;9818233397;B
20240313;100005;586.55;2;9818233399;S
20240313;100005;586.9;2;9818233401;B
20240313;100006;586.9;9;9818233405;B
20240313;100006;586.9;2;9818233414;B
20240313;100006;586.9;1;9818233419;B
20240313;100006;586.55;2;9818233420;S
20240313;100006;586.55;2;9818233426;S
20240313;100006;586.55;1;9818233438;S
20240313;100006;586.9;1;9818233442;B
20240313;100006;586.9;1;9818233449;B
20240313;100006;586.9;3;9818233692;B
20240313;100006;586.9;1;9818233698;B
20240313;100006;586.9;1;9818233704;B
20240313;100006;586.65;1;9818233708;S
20240313;100006;586.9;1;9818233714;B
20240313;100006;586.9;1;9818233721;B
20240313;100006;586.9;1;9818233727;B
20240313;100006;586.9;1;9818233732;B
20240313;100006;586.9;1;9818233741;B
20240313;100006;586.9;2;9818233748;B
20240313;100006;586.9;2;9818233749;B
20240313;100006;586.9;1;9818233762;B
20240313;100006;586.65;3;9818233764;S
20240313;100006;586.9;1;9818233813;B
20240313;100006;586.65;2;9818233817;S
20240313;100006;586.9;1;9818233820;B
20240313;100006;586.9;1;9818233823;B
20240313;100006;586.9;1;9818233828;B
20240313;100006;586.9;2;9818233834;B
20240313;100006;586.65;2;9818233839;S
20240313;100006;586.65;1;9818234135;S
20240313;100006;586.9;2;9818234138;B
20240313;100006;586.9;2;9818234145;B
20240313;100006;586.9;2;9818234148;B
20240313;100006;586.9;1;9818234152;B
20240313;100006;586.9;2;9818234156;B
20240313;100006;586.65;2;9818234159;S
20240313;100006;586.9;2;9818234161;B
20240313;100006;586.9;1;9818234163;B
20240313;100006;586.65;1;9818234174;S
20240313;100006;586.9;5;9818234181;B
20240313;100006;586.65;1;9818234184;S
20240313;100006;586.9;1;9818234186;B
20240313;100006;586.65;2;9818234188;S
20240313;100006;586.65;2;9818234190;S
20240313;100006;586.9;5;9818234194;B
20240313;100006;586.9;1;9818234334;B
20240313;100006;586.65;2;9818234336;S
20240313;100006;586.9;2;9818234340;B
20240313;100006;586.9;3;9818234343;B
20240313;100006;586.9;1;9818234345;B
20240313;100006;586.9;1;9818234348;B
20240313;100006;586.9;1;9818234352;B
20240313;100006;586.9;1;9818234367;B
20240313;100006;586.9;4;9818234369;B
20240313;100006;586.9;2;9818234371;B
20240313;100006;586.9;2;9818234374;B
20240313;100006;586.65;2;9818234379;S
20240313;100006;586.9;1;9818234380;B
20240313;100006;586.65;2;9818234381;S
20240313;100006;586.9;1;9818234383;B
20240313;100006;586.65;3;9818234387;S
20240313;100006;586.9;1;9818234389;B
20240313;100006;586.9;2;9818234392;B
20240313;100006;586.9;2;9818234393;B
20240313;100006;586.9;1;9818234509;B
20240313;100006;586.9;1;9818234510;B
20240313;100006;586.9;4;9818234512;B
20240313;100006;586.6;10;9818234685;S
20240313;100006;586.6;2;9818234880;S
20240313;100006;586.8;2;9818234881;B
20240313;100006;586.6;2;9818234882;S
20240313;100006;586.8;3;9818234883;B
20240313;100006;586.8;1;9818234884;B
20240313;100006;586.8;2;9818234885;B
20240313;100006;586.8;2;9818234886;B
20240313;100006;586.8;16;9818234890;B
20240313;100006;586.8;1;9818234891;B
20240313;100006;586.8;2;9818234892;B
20240313;100006;586.8;1;9818234893;B
20240313;100006;586.8;1;9818234894;B
20240313;100006;586.8;1;9818234895;B
20240313;100006;586.8;2;9818234896;B
20240313;100006;586.8;2;9818234897;B
20240313;100007;586.6;2;9818234976;S
20240313;100007;586.8;1;9818234986;B
20240313;100007;586.6;2;9818234987;S
20240313;100007;586.8;2;9818234988;B
20240313;100007;586.8;1;9818235115;B
20240313;100007;586.8;2;9818235118;B
20240313;100007;586.8;2;9818235126;B
20240313;100007;586.75;3;9818235134;S
20240313;100007;586.8;2;9818235139;B
20240313;100007;586.75;2;9818235144;S
20240313;100007;586.8;2;9818235157;B
20240313;100007;586.8;1;9818235172;B
20240313;100007;586.8;1;9818235177;B
20240313;100007;586.8;2;9818235185;B
20240313;100007;586.7;2;9818235189;S
20240313;100007;586.8;1;9818235192;B
20240313;100007;586.7;1;9818235260;S
20240313;100007;586.8;1;9818235261;B
20240313;100007;586.8;1;9818235263;B
20240313;100007;586.8;1;9818235268;B
20240313;100007;586.8;1;9818235270;B
20240313;100007;586.8;2;9818235275;B
20240313;100007;586.7;21;9818235278;S
20240313;100007;586.7;2;9818235279;S
20240313;100007;586.8;2;9818235284;B
20240313;100007;586.7;3;9818235389;S
20240313;100007;586.8;2;9818235400;B
20240313;100007;586.8;15;9818235402;B
20240313;100007;586.8;1;9818235406;B
20240313;100007;586.8;2;9818235418;B
20240313;100007;586.7;6;9818235421;S
20240313;100007;586.7;2;9818235424;S
20240313;100007;586.7;2;9818235426;S
20240313;100007;586.8;1;9818235429;B
20240313;100007;586.8;1;9818235434;B
20240313;100007;586.7;2;9818235436;S
20240313;100007;586.8;2;9818235443;B
20240313;100007;586.7;7;9818235449;S
20240313;100007;586.8;2;9818235453;B
20240313;100007;586.8;1;9818235458;B
20240313;100007;586.8;2;9818235613;B
20240313;100007;586.8;2;9818235621;B
20240313;100007;586.8;2;9818235625;B
20240313;100007;586.8;1;9818235632;B
20240313;100007;586.8;1;9818235633;B
20240313;100007;586.8;5;9818235638;B
20240313;100007;586.8;2;9818235640;B
20240313;100007;586.8;2;9818235644;B
20240313;100007;586.8;1;9818235647;B
20240313;100007;586.8;5;9818235650;B
20240313;100007;586.8;1;9818235653;B
20240313;100007;586.8;1;9818235654;B
20240313;100007;586.7;2;9818235656;S
20240313;100007;586.7;1;9818235657;S
20240313;100007;586.7;1;9818235660;S
20240313;100007;586.7;2;9818235729;S
20240313;100007;586.8;1;9818235732;B
20240313;100007;586.8;1;9818235743;B
20240313;100007;586.7;2;9818235749;S
20240313;100007;586.8;1;9818235751;B
20240313;100007;586.8;2;9818235754;B
20240313;100007;586.7;2;9818235758;S
20240313;100007;586.8;1;9818235764;B
20240313;100007;586.8;2;9818235770;B
20240313;100007;586.8;1;9818235777;B
20240313;100007;586.8;2;9818235780;B
20240313;100007;586.8;1;9818235788;B
20240313;100007;586.8;1;9818235795;B
20240313;100007;586.8;2;9818235799;B
20240313;100007;586.8;2;9818235801;B
20240313;100007;586.8;2;9818235805;B
20240313;100007;586.8;2;9818235808;B
20240313;100007;586.7;2;9818235899;S
20240313;100007;586.8;1;9818235901;B
20240313;100007;586.8;2;9818235903;B
20240313;100007;586.8;1;9818235906;B
20240313;100007;586.8;2;9818235908;B
20240313;100007;586.8;1;9818235910;B
20240313;100007;586.8;2;9818235913;B
20240313;100007;586.8;1;9818235918;B
20240313;100007;586.8;1;9818235921;B
20240313;100007;586.8;2;9818235928;B
20240313;100007;586.7;2;9818235931;S
20240313;100007;586.8;1;9818235950;B
20240313;100007;586.8;2;9818235952;B
20240313;100007;586.8;1;9818235957;B
20240313;100007;586.8;99;9818235959;B
20240313;100007;586.9;1;9818235962;B
20240313;100007;586.9;1;9818235965;B
20240313;100007;586.9;1;9818235967;B
20240313;100007;586.7;448;9818236037;S
20240313;100007;586.65;426;9818236038;S
20240313;100007;586.65;126;9818236039;S
20240313;100008;586.65;1;9818236622;S
20240313;100008;586.9;2;9818236624;B
20240313;100008;586.9;1;9818236627;B
20240313;100008;586.9;1;9818236629;B
20240313;100008;586.65;10;9818236631;S
20240313;100008;586.9;2;9818236632;B
20240313;100008;586.9;1;9818236633;B
20240313;100008;586.9;1;9818236635;B
20240313;100008;586.65;1;9818236639;S
20240313;100008;586.65;2;9818236641;S
20240313;100008;586.9;1;9818236789;B
20240313;100008;586.9;1;9818236790;B
20240313;100008;586.9;1;9818236791;B
20240313;100008;586.9;2;9818236793;B
20240313;100008;586.9;1;9818236794;B
20240313;100008;586.65;1;9818236795;S
20240313;100008;586.65;5;9818236796;S
20240313;100008;586.65;1;9818236797;S
20240313;100008;586.9;2;9818236798;B
20240313;100008;586.65;1;9818236799;S
20240313;100008;586.9;2;9818236800;B
20240313;100008;586.65;2;9818236801;S
20240313;100008;586.9;2;9818236802;B
20240313;100008;586.9;2;9818236911;B
20240313;100008;586.65;1;9818236913;S
20240313;100008;586.65;2;9818236917;S
20240313;100008;586.65;2;9818236920;S
20240313;100008;586.65;2;9818236923;S
20240313;100008;586.65;10;9818236926;S
20240313;100008;586.9;2;9818236930;B
20240313;100008;586.65;4;9818236932;S
20240313;100008;586.65;1;9818236987;S
20240313;100008;586.65;464;9818237032;S
20240313;100008;586.65;191;9818237033;S
20240313;100009;586.9;2;9818237454;B
20240313;100009;586.6;2;9818237455;S
20240313;100009;586.9;5;9818237456;B
20240313;100009;586.9;2;9818237457;B
20240313;100009;586.6;2;9818237458;S
20240313;100009;586.9;1;9818237459;B
20240313;100009;586.6;2;9818237460;S
20240313;100009;586.6;2;9818237461;S
20240313;100009;586.6;1;9818237462;S
20240313;100009;586.6;2;9818237463;S
20240313;100009;586.9;1;9818237464;B
20240313;100009;586.9;1;9818237465;B
20240313;100009;586.9;2;9818237466;B
20240313;100009;586.9;2;9818237548;B
20240313;100009;586.9;1;9818237550;B
20240313;100009;586.9;1;9818237552;B
20240313;100009;586.9;1;9818237556;B
20240313;100009;586.9;1;9818237559;B
20240313;100009;586.9;1;9818237566;B
20240313;100009;586.9;1;9818237568;B
20240313;100009;586.9;1;9818237571;B
20240313;100009;586.9;2;9818237581;B
20240313;100009;586.85;4;9818237583;S
20240313;100009;586.9;1;9818237585;B
20240313;100009;586.9;1;9818237587;B
20240313;100009;586.9;1;9818237591;B
20240313;100009;586.9;1;9818237593;B
20240313;100009;586.85;2;9818237594;S
20240313;100009;586.9;389;9818237690;B
20240313;100009;586.95;60;9818237874;B
20240313;100010;586.95;19;9818238011;B
20240313;100010;586.9;2;9818238075;S
20240313;100011;586.95;41;9818238324;B
20240313;100011;586.9;250;9818238387;S
20240313;100011;586.95;100;9818238388;B
20240313;100011;586.9;5;9818238518;S
20240313;100011;586.95;1;9818238617;B
20240313;100012;586.95;1;9818238768;B
20240313;100013;586.95;1;9818239014;B
20240313;100013;586.95;5;9818239093;B
20240313;100015;586.9;2;9818239486;S
20240313;100016;586.95;52;9818239811;B
20240313;100016;586.95;1;9818239974;B
20240313;100016;586.95;10;9818240077;B
20240313;100017;586.95;2;9818240099;B
20240313;100017;586.95;100;9818240414;B
20240313;100018;586.9;2;9818240542;S
20240313;100018;586.95;1;9818240651;B
20240313;100019;586.95;1;9818240832;B
20240313;100019;586.95;3;9818240847;B
20240313;100019;586.95;76;9818240973;B
20240313;100019;586.95;50;9818240974;B
20240313;100019;587;40;9818240975;B
20240313;100019;587;300;9818240976;B
20240313;100019;587;10;9818240977;B
20240313;100019;587;200;9818240978;B
20240313;100019;587;1000;9818240979;B
20240313;100019;587;1324;9818240980;B
20240313;100020;587;476;9818241070;B
20240313;100020;587;170;9818241071;B
20240313;100020;587;65;9818241072;B
20240313;100020;587.05;48;9818241077;B
20240313;100020;587.05;369;9818241199;B
20240313;100020;587.1;304;9818241241;B
20240313;100021;587.05;417;9818241350;S
20240313;100021;587.05;93;9818241351;S
20240313;100021;587.05;136;9818241352;S
20240313;100021;587.05;50;9818241353;S
20240313;100022;587.05;3;9818241487;B
20240313;100022;587.05;100;9818241553;B
20240313;100022;587.05;2;9818241574;B
20240313;100023;587.05;33;9818241814;B
20240313;100023;587.05;2;9818241815;B
20240313;100023;587.1;85;9818241816;B
20240313;100024;587.05;1;9818241852;B
20240313;100025;587.05;1;9818242258;B
20240313;100026;587.05;10;9818242427;B
20240313;100027;587;3;9818242691;S
20240313;100027;587.05;2;9818242696;B
20240313;100028;587.05;2;9818242833;B
20240313;100029;587.1;8;9818243060;B
20240313;100029;587.1;1;9818243126;B
20240313;100030;587.1;100;9818243247;B
20240313;100030;587.1;500;9818243248;B
20240313;100030;587.1;1;9818243256;B
20240313;100030;587.1;26;9818243266;B
20240313;100030;587.1;1;9818243267;B
20240313;100030;587.1;50;9818243268;B
20240313;100030;587.15;1;9818243269;B
20240313;100030;587.1;3;9818243295;B
20240313;100031;587.1;1;9818243558;B
20240313;100031;587.1;10;9818243566;B
20240313;100032;587.05;1;9818243796;S
20240313;100033;587.3;92;9818244053;B
20240313;100034;587.35;15;9818244172;B
20240313;100035;587.1;1;9818244321;S
20240313;100036;587.25;5;9818244534;S
20240313;100036;587.4;1;9818244536;B
20240313;100036;587.25;10;9818244553;S
20240313;100037;587.1;1;9818244682;S
20240313;100037;587.1;29;9818244683;S
20240313;100038;587.1;417;9818245009;S
20240313;100038;587.1;64;9818245011;S
20240313;100038;587.1;136;9818245012;S
20240313;100038;587.05;1;9818245043;S
20240313;100038;587.05;339;9818245044;S
20240313;100038;587.1;425;9818245081;B
20240313;100038;587.15;2;9818245082;B
20240313;100038;587.15;31;9818245083;S
20240313;100040;587.2;4;9818245452;B
20240313;100040;587.2;1;9818245504;B
20240313;100042;587.2;1;9818245926;B
20240313;100042;587.2;3;9818245985;B
20240313;100042;587.2;1;9818246131;B
20240313;100043;587.2;1;9818246232;B
20240313;100045;587.2;2;9818246577;B
20240313;100045;587.1;5;9818246624;S
20240313;100045;587.1;86;9818246654;S
20240313;100045;587.1;185;9818246655;S
20240313;100045;587.1;180;9818246656;S
20240313;100045;587.15;13;9818246689;B
20240313;100045;587.1;1;9818246719;S
20240313;100045;587.1;1;9818246720;S
20240313;100046;587.15;10;9818246959;B
20240313;100048;587.15;2;9818247228;B
20240313;100049;587.15;30;9818247454;B
20240313;100050;587.1;8;9818247515;S
20240313;100050;587.1;6;9818247516;S
20240313;100052;587.1;9;9818247842;S
20240313;100055;587.1;1;9818248452;S
20240313;100056;587.15;1;9818248563;B
20240313;100057;587.15;194;9818248699;B
20240313;100057;587.15;306;9818248700;B
20240313;100057;587.15;1;9818248707;B
20240313;100057;587.1;1;9818248760;S
20240313;100058;587.1;11;9818248981;S
20240313;100058;587.1;1;9818248985;S
20240313;100059;587.15;2;9818249060;B
20240313;100059;587.1;2;9818249103;S
20240313;100059;587.1;7;9818249156;S
20240313;100100;587.15;3;9818249264;B
20240313;100102;587.15;19;9818249772;B
20240313;100104;587.15;31;9818250068;B
20240313;100106;587.2;3;9818250327;B
20240313;100107;587.15;3;9818250465;S
20240313;100108;587.15;2;9818250600;S
20240313;100109;587.2;5;9818250861;B
20240313;100110;587.25;1;9818250971;B
20240313;100110;587.25;1;9818250997;B
20240313;100114;587.25;50;9818251640;B
20240313;100115;587.2;3;9818251852;S
20240313;100115;587.2;2;9818251853;S
20240313;100115;587.15;5;9818251876;S
20240313;100117;587.25;425;9818252144;B
20240313;100117;587.3;67;9818252145;B
20240313;100117;587.35;108;9818252146;B
20240313;100119;587.4;45;9818252597;B
20240313;100120;587.4;3;9818252676;B
20240313;100120;587.4;8;9818252756;B
20240313;100121;587.45;2;9818252964;B
20240313;100122;587.45;1;9818253084;B
20240313;100122;587.45;1;9818253085;B
20240313;100122;587.45;1;9818253086;B
20240313;100122;587.45;1;9818253087;B
20240313;100122;587.45;1;9818253088;B
20240313;100122;587.45;1;9818253089;B
20240313;100122;587.45;2;9818253090;B
20240313;100122;587.35;53;9818253156;S
20240313;100124;587.4;50;9818253397;S
20240313;100125;587.45;1;9818253735;B
20240313;100128;587.35;29;9818254280;S
20240313;100128;587.2;21;9818254281;S
20240313;100133;587.45;2;9818255001;B
20240313;100134;587.35;2;9818255372;S
20240313;100134;587.35;6;9818255373;S
20240313;100135;587.5;2;9818255444;B
20240313;100137;587.45;1;9818255837;B
20240313;100138;587.45;1;9818255931;B
20240313;100138;587.45;1;9818255970;B
20240313;100138;587.45;2;9818255979;B
20240313;100139;587.5;3;9818256052;B
20240313;100139;587.5;1;9818256053;B
20240313;100139;587.45;8;9818256093;S
20240313;100139;587.5;2;9818256099;B
20240313;100140;587.5;1;9818256186;B
20240313;100140;587.5;4;9818256187;B
20240313;100140;587.35;4;9818256230;S
20240313;100140;587.4;63;9818256231;B
20240313;100140;587.4;63;9818256239;S
20240313;100140;587.4;12;9818256241;S
20240313;100140;587.35;10;9818256252;S
20240313;100140;587.25;50;9818256253;S
20240313;100140;587.2;6;9818256254;S
20240313;100141;587.4;1;9818256366;S
20240313;100141;587.45;1;9818256388;B
20240313;100141;587.45;135;9818256422;B
20240313;100141;587.45;50;9818256423;B
20240313;100141;587.5;136;9818256424;B
20240313;100141;587.5;425;9818256425;B
20240313;100141;587.5;62;9818256426;B
20240313;100141;587.55;3;9818256427;B
20240313;100141;587.55;93;9818256428;B
20240313;100142;587.5;500;9818256473;S
20240313;100143;587.55;20;9818256722;B
20240313;100144;587.5;5;9818256920;S
20240313;100145;587.55;50;9818257005;B
20240313;100145;587.55;5;9818257068;B
20240313;100145;587.5;26;9818257075;S
20240313;100147;587.55;1;9818257434;B
20240313;100148;587.5;2;9818257618;S
20240313;100150;587.55;2;9818257808;B
20240313;100150;587.5;1;9818257818;S
20240313;100150;587.55;1;9818257828;B
20240313;100151;587.55;2;9818258008;B
20240313;100152;587.5;50;9818258391;S
20240313;100153;587.55;6;9818258505;B
20240313;100153;587.55;2;9818258506;B
20240313;100154;587.55;1;9818258731;B
20240313;100155;587.5;20;9818258853;S
20240313;100155;587.55;1;9818258932;B
20240313;100155;587.55;9;9818258933;B
20240313;100156;587.55;2;9818259133;B
20240313;100157;587.5;3;9818259352;S
20240313;100158;587.5;2;9818259473;S
20240313;100200;587.5;1;9818259675;S
20240313;100200;587.5;169;9818259760;S
20240313;100200;587.55;1;9818259791;B
20240313;100201;587.6;2;9818259838;B
20240313;100202;587.6;1;9818260089;B
20240313;100202;587.6;50;9818260151;B
20240313;100202;587.55;4;9818260154;S
20240313;100203;587.6;2;9818260283;B
20240313;100204;587.6;1;9818260496;B
20240313;100205;587.6;1;9818260701;B
20240313;100208;587.6;10;9818261192;B
20240313;100208;587.6;1;9818261205;B
20240313;100208;587.6;39;9818261305;B
20240313;100209;587.6;2;9818261399;S
20240313;100209;587.65;3;9818261493;B
20240313;100209;587.65;2;9818261494;B
20240313;100209;587.65;68;9818261495;B
20240313;100210;587.65;3;9818261516;S
20240313;100210;587.7;300;9818261649;B
20240313;100210;587.7;70;9818261650;B
20240313;100211;587.75;80;9818261715;B
20240313;100211;587.75;5;9818261716;B
20240313;100211;587.75;1;9818261909;S
20240313;100211;587.8;7;9818262039;B
20240313;100215;587.75;10;9818262605;B
20240313;100215;587.7;22;9818262613;S
20240313;100215;587.75;1;9818262625;B
20240313;100216;587.75;14;9818262748;B
20240313;100216;587.75;27;9818262931;B
20240313;100217;587.75;2;9818263019;B
20240313;100217;587.75;55;9818263125;B
20240313;100217;587.7;128;9818263175;S
20240313;100217;587.7;50;9818263176;S
20240313;100217;587.7;510;9818263177;S
20240313;100217;587.7;136;9818263178;S
20240313;100217;587.7;46;9818263179;S
20240313;100218;587.75;27;9818263372;B
20240313;100218;587.75;7;9818263373;B
20240313;100218;587.75;1;9818263428;B
20240313;100220;587.75;3;9818263749;B
20240313;100221;587.7;2;9818263854;S
20240313;100221;587.75;2;9818263872;B
20240313;100224;587.75;14;9818264389;B
20240313;100225;587.75;19;9818264591;B
20240313;100225;587.75;67;9818264592;B
20240313;100225;587.75;12;9818264593;B
20240313;100225;587.8;43;9818264594;B
20240313;100225;587.8;100;9818264595;B
20240313;100225;587.8;65;9818264596;B
20240313;100225;587.8;12;9818264597;B
20240313;100225;587.85;1;9818264598;B
20240313;100225;587.85;50;9818264599;B
20240313;100225;587.9;12;9818264600;B
20240313;100225;587.9;12;9818264601;B
20240313;100225;587.9;7;9818264602;B
20240313;100227;587.75;69;9818264933;B
20240313;100229;587.75;21;9818265289;B
20240313;100229;587.8;1;9818265290;B
20240313;100229;587.9;66;9818265291;B
20240313;100229;587.95;12;9818265292;B
20240313;100229;587.9;27;9818265367;B
20240313;100229;587.9;19;9818265498;B
20240313;100229;587.9;23;9818265504;B
20240313;100229;587.9;50;9818265514;B
20240313;100229;587.95;55;9818265515;B
20240313;100230;587.8;7;9818265749;S
20240313;100230;587.95;1;9818265775;B
20240313;100231;587.9;5;9818266096;B
20240313;100231;587.9;11;9818266097;B
20240313;100231;588;190;9818266098;B
20240313;100233;588;1;9818266404;B
20240313;100234;588;4;9818266528;B
20240313;100235;588;1413;9818266788;B
20240313;100237;587.9;1;9818267090;S
20240313;100237;588;1;9818267094;B
20240313;100239;588;1;9818267392;B
20240313;100239;588;390;9818267409;B
20240313;100239;588;200;9818267410;B
20240313;100239;588;1;9818267411;B
20240313;100239;588;300;9818267412;B
20240313;100239;588;40;9818267413;B
20240313;100239;588;10;9818267414;B
20240313;100239;588;472;9818267415;B
20240313;100242;588;22;9818267808;B
20240313;100242;588;62;9818267809;B
20240313;100242;588;10;9818267810;B
20240313;100242;588;1;9818267811;B
20240313;100242;588;200;9818267812;B
20240313;100242;588;3;9818267813;B
20240313;100242;588;65;9818267814;B
20240313;100242;588;65;9818267815;B
20240313;100242;588;6;9818267816;B
20240313;100242;588.15;500;9818267817;B
20240313;100242;588.15;66;9818267818;S
20240313;100243;588.05;50;9818267968;S
20240313;100243;588.05;15;9818267969;S
20240313;100243;588.05;65;9818267991;S
20240313;100243;588.05;65;9818268011;S
20240313;100243;588.05;65;9818268018;S
20240313;100243;588.1;2;9818268044;B
20240313;100243;588.05;300;9818268078;S
20240313;100243;588.05;150;9818268079;S
20240313;100243;588.05;40;9818268080;S
20240313;100243;588;29;9818268081;S
20240313;100243;588;1281;9818268082;S
20240313;100244;588;100;9818268245;S
20240313;100245;588;32;9818268310;S
20240313;100245;588;1;9818268311;S
20240313;100245;588;150;9818268312;S
20240313;100245;587.9;67;9818268313;S
20240313;100248;587.85;40;9818268968;S
20240313;100248;587.85;136;9818268969;S
20240313;100248;587.85;24;9818268970;S
20240313;100248;588;3;9818269077;B
20240313;100249;588.05;1;9818269093;B
20240313;100249;588.1;20;9818269191;B
20240313;100254;588.15;2;9818269925;B
20240313;100256;588.05;80;9818270163;S
20240313;100303;588.15;9;9818271256;B
20240313;100305;588.15;2;9818271594;B
20240313;100306;588.1;1;9818271836;S
20240313;100308;588.05;4;9818272076;S
20240313;100308;588.05;506;9818272256;S
20240313;100308;588.05;150;9818272257;S
20240313;100314;588.05;1;9818273093;B
20240313;100314;588.05;100;9818273106;B
20240313;100316;588.05;1;9818273279;B
20240313;100316;588.05;2;9818273301;B
20240313;100316;588;1;9818273334;S
20240313;100317;588.05;1;9818273424;B
20240313;100318;588;500;9818273499;S
20240313;100318;588.05;93;9818273564;B
20240313;100318;588;25;9818273700;S
20240313;100318;588;3;9818273709;S
20240313;100320;588;1;9818273952;S
20240313;100320;588.05;7;9818273957;B
20240313;100321;588.05;13;9818274171;B
20240313;100321;588.05;2;9818274204;B
20240313;100321;588;50;9818274205;S
20240313;100322;588;9;9818274231;S
20240313;100322;588.05;41;9818274284;B
20240313;100322;588.05;1;9818274344;B
20240313;100322;588;5;9818274372;S
20240313;100323;588.05;1;9818274454;B
20240313;100323;588.05;72;9818274460;B
20240313;100323;588.05;24;9818274461;B
20240313;100323;588.05;45;9818274541;B
20240313;100323;588.05;120;9818274542;B
20240313;100323;588.05;46;9818274543;B
20240313;100324;588.05;2;9818274743;B
20240313;100324;588;1;9818274770;S
20240313;100324;588.05;14;9818274806;B
20240313;100325;588;11;9818274894;S
20240313;100325;588;20;9818274937;S
20240313;100325;588.05;34;9818275024;B
20240313;100326;588.15;150;9818275112;B
20240313;100326;588.15;1;9818275127;B
20240313;100327;588.1;2;9818275348;B
20240313;100328;588.05;16;9818275398;S
20240313;100328;588.1;82;9818275496;B
20240313;100328;588.1;16;9818275544;B
20240313;100328;588.15;39;9818275545;B
20240313;100328;588.15;79;9818275577;B
20240313;100329;588.15;14;9818275636;B
20240313;100329;588.15;14;9818275671;B
20240313;100331;588.1;2;9818276156;S
20240313;100332;588.15;2;9818276407;B
20240313;100346;588.1;1;9818278214;S
20240313;100346;588.1;63;9818278330;S
20240313;100346;588.1;37;9818278331;S
20240313;100349;588.15;1;9818278814;B
20240313;100349;588.15;1;9818278815;B
20240313;100350;588.15;5;9818278981;B
20240313;100351;588.15;1;9818279076;B
20240313;100351;588.15;2;9818279101;B
20240313;100351;588.1;3;9818279102;S
20240313;100356;588.15;3;9818280010;B
20240313;100357;588.1;1;9818280149;S
20240313;100357;588.15;1;9818280168;B
20240313;100357;588.15;1;9818280211;B
20240313;100401;588.15;1;9818280652;B
20240313;100401;588.1;3;9818280753;S
20240313;100404;588.15;3;9818281324;B
20240313;100404;588.15;3;9818281446;B
20240313;100405;588.15;1;9818281588;B
20240313;100406;588.15;2;9818281608;B
20240313;100406;588.1;1;9818281809;S
20240313;100406;588.1;1;9818281810;S
20240313;100407;588.1;64;9818281942;S
20240313;100408;588.15;1;9818282295;B
20240313;100408;588.15;5;9818282296;B
20240313;100408;588.15;3;9818282297;B
20240313;100409;588.1;3;9818282442;S
20240313;100409;588.1;2;9818282518;S
20240313;100409;588.15;1;9818282525;B
20240313;100410;588.1;3;9818282684;S
20240313;100411;588.15;1;9818282870;B
20240313;100411;588.15;5;9818282871;B
20240313;100411;588.15;1;9818282872;B
20240313;100412;588.15;1;9818283015;B
20240313;100412;588.1;100;9818283051;S
20240313;100413;588.1;3;9818283133;S
20240313;100415;588.15;3;9818283481;B
20240313;100415;588.15;5;9818283482;B
20240313;100415;588.15;5;9818283483;B
20240313;100415;588.15;5;9818283484;B
20240313;100415;588.15;5;9818283485;B
20240313;100415;588.15;5;9818283486;B
20240313;100415;588.15;5;9818283487;B
20240313;100415;588.15;69;9818283488;B
20240313;100415;588.15;20;9818283489;B
20240313;100415;588.15;15;9818283490;B
20240313;100415;588.15;3;9818283503;B
20240313;100415;588.15;14;9818283528;B
20240313;100415;588.15;14;9818283561;B
20240313;100415;588.15;26;9818283598;B
20240313;100415;588.15;27;9818283658;B
20240313;100416;588.15;28;9818283705;B
20240313;100416;588.15;13;9818283859;B
20240313;100416;588.15;14;9818283888;B
20240313;100417;588.15;14;9818284052;B
20240313;100418;588.2;1;9818284204;B
20240313;100418;588.1;19;9818284233;S
20240313;100419;588.2;1;9818284314;B
20240313;100419;588.2;2;9818284315;B
20240313;100419;588.2;11;9818284316;B
20240313;100419;588.2;53;9818284408;B
20240313;100420;588.2;1;9818284563;B
20240313;100420;588.2;135;9818284573;B
20240313;100420;588.2;2;9818284574;B
20240313;100420;588.2;24;9818284666;B
20240313;100420;588.2;6;9818284667;B
20240313;100420;588.2;9;9818284668;B
20240313;100420;588.2;13;9818284746;B
20240313;100420;588.2;5;9818284747;B
20240313;100420;588.2;48;9818284748;B
20240313;100421;588.15;2;9818284824;S
20240313;100422;588.2;5;9818285108;B
20240313;100425;588.15;2;9818285436;S
20240313;100425;588.2;1;9818285482;B
20240313;100426;588.15;3;9818285574;S
20240313;100426;588.15;20;9818285600;S
20240313;100427;588.15;100;9818285668;S
20240313;100429;588.2;1;9818285968;B
20240313;100429;588.2;1;9818285974;B
20240313;100429;588.15;1;9818286072;S
20240313;100431;588.2;1;9818286388;B
20240313;100433;588.2;1;9818286602;B
20240313;100435;588.15;12;9818286875;S
20240313;100435;588.15;2;9818286894;S
20240313;100435;588.15;1;9818286937;S
20240313;100438;588.2;42;9818287280;B
20240313;100438;588.2;50;9818287281;B
20240313;100438;588.2;150;9818287282;B
20240313;100438;588.2;8;9818287283;B
20240313;100438;588.2;3;9818287418;S
20240313;100439;588.2;3;9818287534;S
20240313;100440;588.2;3;9818287596;S
20240313;100440;588.2;17;9818287602;S
20240313;100440;588.2;103;9818287603;S
20240313;100440;588.2;16;9818287697;B
20240313;100441;588.2;1;9818287902;B
20240313;100442;588.2;10;9818287982;B
20240313;100443;588.2;50;9818288003;B
20240313;100443;588.2;10;9818288055;B
20240313;100444;588.2;1;9818288156;B
20240313;100444;588.2;15;9818288166;B
20240313;100444;588.2;100;9818288167;B
20240313;100444;588.25;1;9818288168;B
20240313;100444;588.25;1;9818288169;B
20240313;100444;588.25;1;9818288170;B
20240313;100444;588.25;2;9818288171;B
20240313;100444;588.25;2;9818288172;B
20240313;100444;588.25;3;9818288173;B
20240313;100444;588.25;1;9818288174;B
20240313;100444;588.25;2;9818288175;B
20240313;100444;588.25;1;9818288176;B
20240313;100444;588.25;1;9818288177;B
20240313;100444;588.25;2;9818288178;B
20240313;100444;588.25;2;9818288179;B
20240313;100444;588.25;4;9818288180;B
20240313;100444;588.25;1;9818288181;B
20240313;100444;588.25;2;9818288182;B
20240313;100444;588.25;2;9818288183;B
20240313;100444;588.25;2;9818288184;B
20240313;100444;588.25;1;9818288185;B
20240313;100444;588.25;1;9818288186;B
20240313;100444;588.25;1;9818288187;B
20240313;100444;588.25;1;9818288188;B
20240313;100444;588.25;2;9818288189;B
20240313;100444;588.25;1;9818288190;B
20240313;100444;588.25;1;9818288191;B
20240313;100444;588.25;1;9818288192;B
20240313;100444;588.25;3;9818288193;B
20240313;100444;588.25;4;9818288194;B
20240313;100444;588.25;1;9818288195;B
20240313;100444;588.25;1;9818288196;B
20240313;100444;588.25;4;9818288197;B
20240313;100444;588.25;12;9818288198;B
20240313;100444;588.25;1;9818288199;B
20240313;100444;588.25;1;9818288200;B
20240313;100444;588.25;4;9818288201;B
20240313;100444;588.25;1;9818288202;B
20240313;100444;588.25;200;9818288203;B
20240313;100444;588.25;1;9818288204;B
20240313;100444;588.25;1;9818288205;B
20240313;100444;588.25;40;9818288206;B
20240313;100444;588.25;5;9818288207;B
20240313;100444;588.25;6;9818288208;B
20240313;100444;588.25;68;9818288209;B
20240313;100444;588.25;1;9818288210;B
20240313;100444;588.25;1;9818288211;B
20240313;100444;588.25;8;9818288212;B
20240313;100444;588.25;2;9818288213;B
20240313;100444;588.25;100;9818288214;B
20240313;100444;588.25;35;9818288215;B
20240313;100444;588.25;50;9818288216;B
20240313;100444;588.3;10;9818288217;B
20240313;100444;588.3;121;9818288218;B
20240313;100444;588.3;300;9818288219;B
20240313;100444;588.3;35;9818288220;B
20240313;100444;588.3;20;9818288221;B
20240313;100444;588.3;29;9818288222;B
20240313;100444;588.3;3;9818288223;B
20240313;100444;588.3;72;9818288224;B
20240313;100444;588.3;125;9818288225;B
20240313;100444;588.3;1365;9818288226;B
20240313;100444;588.3;510;9818288227;B
20240313;100444;588.35;2;9818288228;B
20240313;100444;588.35;2;9818288229;B
20240313;100444;588.35;10;9818288230;B
20240313;100444;588.35;1;9818288231;B
20240313;100444;588.35;300;9818288232;B
20240313;100444;588.35;391;9818288233;B
20240313;100444;588.35;50;9818288249;B
20240313;100444;588.35;2;9818288282;B
20240313;100445;588.35;19;9818288302;B
20240313;100445;588.2;3;9818288336;S
20240313;100445;588.2;3;9818288344;S
20240313;100445;588.2;3;9818288407;S
20240313;100446;588.25;3;9818288601;S
20240313;100446;588.25;3;9818288610;S
20240313;100447;588.25;3;9818288747;S
20240313;100448;588.25;3;9818288882;S
20240313;100449;588.25;3;9818289057;S
20240313;100450;588.25;10;9818289188;S
20240313;100451;588.35;3;9818289362;B
20240313;100451;588.35;17;9818289401;B
20240313;100452;588.35;1;9818289445;B
20240313;100452;588.25;3;9818289484;S
20240313;100456;588.2;48;9818289890;S
20240313;100456;588.2;16;9818289891;S
20240313;100456;588.3;510;9818289955;B
20240313;100456;588.3;75;9818289956;B
20240313;100456;588.35;415;9818289957;B
20240313;100459;588.3;25;9818290368;B
20240313;100459;588.3;15;9818290369;B
20240313;100459;588.3;2;9818290413;B
20240313;100501;588.3;300;9818290848;B
20240313;100505;588.25;9;9818291364;S
20240313;100507;588.25;1;9818291654;S
20240313;100507;588.3;1;9818291664;B
20240313;100509;588.3;1;9818291960;B
20240313;100511;588.25;1;9818292213;S
20240313;100511;588.3;123;9818292327;B
20240313;100511;588.3;75;9818292328;B
20240313;100511;588.3;300;9818292329;B
20240313;100511;588.3;100;9818292330;B
20240313;100511;588.3;50;9818292331;B
20240313;100511;588.3;25;9818292332;B
20240313;100511;588.35;132;9818292333;B
20240313;100513;588.25;8;9818292676;S
20240313;100513;588.25;1;9818292677;S
20240313;100513;588.25;1;9818292678;S
20240313;100515;588.25;1;9818292863;S
20240313;100516;588.3;1;9818293044;B
20240313;100520;588.2;1;9818293669;S
20240313;100521;588.2;1;9818293827;S
20240313;100521;588.2;5;9818293828;S
20240313;100521;588.25;1;9818293845;B
20240313;100521;588.25;1;9818293846;B
20240313;100522;588.2;45;9818293871;S
20240313;100522;588.2;5;9818293872;S
20240313;100524;588.25;1;9818294143;B
20240313;100524;588.2;8;9818294145;S
20240313;100524;588.2;139;9818294211;S
20240313;100524;588.2;86;9818294212;S
20240313;100524;588.2;50;9818294213;S
20240313;100524;588.15;3;9818294214;S
20240313;100524;588.15;1;9818294215;S
20240313;100524;588.15;226;9818294216;S
20240313;100524;588.15;249;9818294217;S
20240313;100524;588.15;80;9818294218;S
20240313;100524;588.1;22;9818294227;S
20240313;100524;588.1;1;9818294228;S
20240313;100524;588.1;18;9818294229;S
20240313;100524;588.1;409;9818294230;S
20240313;100525;588.15;19;9818294332;B
20240313;100525;588.1;3;9818294357;S
20240313;100525;588.1;60;9818294447;S
20240313;100526;588.15;1;9818294496;B
20240313;100526;588.15;1;9818294604;B
20240313;100527;588.1;10;9818294796;S
20240313;100527;588.1;1;9818294797;S
20240313;100527;588;3;9818294798;S
20240313;100527;588;14;9818294800;S
20240313;100527;588;12;9818294801;S
20240313;100528;588;758;9818294917;S
20240313;100528;588;50;9818294918;S
20240313;100528;588;300;9818294919;S
20240313;100528;588;40;9818294920;S
20240313;100528;588;1;9818294921;S
20240313;100528;588;100;9818294922;S
20240313;100528;588;20;9818294923;S
20240313;100528;588;5;9818294924;S
20240313;100528;588;4;9818294925;S
20240313;100528;588;100;9818294926;S
20240313;100528;587.9;1;9818294927;S
20240313;100528;587.9;1;9818294928;S
20240313;100528;587.9;100;9818294929;S
20240313;100528;587.9;4;9818294930;S
20240313;100528;587.9;50;9818294931;S
20240313;100528;587.9;4;9818294932;S
20240313;100528;587.9;40;9818294933;S
20240313;100528;587.9;10;9818294934;S
20240313;100528;587.85;1;9818294935;S
20240313;100531;587.9;1;9818295390;B
20240313;100531;587.85;14;9818295420;S
20240313;100534;587.9;1;9818295887;B
20240313;100534;587.9;1;9818295888;B
20240313;100535;587.9;2;9818295972;B
20240313;100536;587.9;2;9818296136;B
20240313;100536;587.85;3;9818296197;S
20240313;100536;587.8;1;9818296198;S
20240313;100536;587.8;26;9818296199;S
20240313;100536;587.9;1;9818296216;B
20240313;100539;587.9;2;9818296539;B
20240313;100539;587.85;2;9818296612;S
20240313;100540;587.8;65;9818296673;S
20240313;100540;587.8;4;9818296680;S
20240313;100540;587.8;5;9818296683;S
20240313;100540;587.75;3;9818296684;S
20240313;100541;587.75;40;9818296783;S
20240313;100548;587.75;5;9818297592;S
20240313;100548;587.8;2;9818297702;B
20240313;100549;587.75;2;9818297839;S
20240313;100549;587.7;2;9818297840;S
20240313;100550;587.8;38;9818297953;B
20240313;100550;587.8;12;9818297954;B
20240313;100551;587.8;38;9818298047;B
20240313;100551;587.85;2;9818298048;B
20240313;100554;587.85;1;9818298338;B
20240313;100554;587.85;1;9818298363;B
20240313;100555;587.85;2;9818298490;B
20240313;100556;587.85;1;9818298624;B
20240313;100556;587.8;1;9818298654;S
20240313;100558;587.85;2;9818298837;B
20240313;100600;587.8;2;9818299018;S
20240313;100600;587.75;1;9818299019;S
20240313;100600;587.85;3;9818299142;B
20240313;100602;587.85;8;9818299323;B
20240313;100602;587.85;12;9818299324;B
20240313;100602;587.85;1;9818299391;B
20240313;100607;587.8;16;9818300271;S
20240313;100607;587.85;1;9818300281;B
20240313;100608;587.8;1;9818300466;S
20240313;100611;587.8;16;9818300764;S
20240313;100611;587.85;48;9818300801;B
20240313;100611;587.85;5;9818300802;B
20240313;100612;587.85;2;9818300898;B
20240313;100612;587.85;10;9818301045;B
20240313;100612;587.85;24;9818301086;B
20240313;100613;587.85;36;9818301101;S
20240313;100613;587.8;7;9818301102;S
20240313;100613;587.8;50;9818301103;S
20240313;100613;587.8;7;9818301104;S
20240313;100614;587.75;1;9818301270;S
20240313;100624;587.9;7;9818302689;B
20240313;100624;587.9;1;9818302776;B
20240313;100627;587.9;19;9818303438;B
20240313;100627;587.9;50;9818303439;B
20240313;100627;587.9;3;9818303440;B
20240313;100627;587.9;68;9818303441;B
20240313;100627;587.9;5;9818303442;B
20240313;100627;587.9;26;9818303443;B
20240313;100627;587.9;76;9818303512;B
20240313;100627;587.95;144;9818303564;B
20240313;100627;587.95;55;9818303631;B
20240313;100627;587.95;41;9818303667;B
20240313;100628;587.95;28;9818303780;B
20240313;100629;587.95;40;9818303923;B
20240313;100629;587.95;27;9818303959;B
20240313;100631;587.95;1;9818304272;B
20240313;100637;587.95;41;9818305195;B
20240313;100640;587.95;1;9818305704;B
20240313;100641;587.95;2;9818305949;B
20240313;100642;587.95;4620;9818305960;B
20240313;100642;588;380;9818305961;B
20240313;100642;587.95;3;9818305973;S
20240313;100642;588;1;9818306056;B
20240313;100643;588;1;9818306170;B
20240313;100643;587.95;1;9818306236;S
20240313;100644;587.95;10;9818306356;S
20240313;100646;587.95;5;9818306566;S
20240313;100647;588;10;9818306616;B
20240313;100648;588;1;9818306817;B
20240313;100649;587.95;255;9818307021;S
20240313;100650;587.95;2;9818307158;S
20240313;100651;588;4229;9818307211;B
20240313;100651;588;17;9818307212;B
20240313;100651;588;26;9818307213;B
20240313;100651;588.2;25;9818307250;B
20240313;100651;588.25;1;9818307255;B
20240313;100651;588.25;37;9818307256;B
20240313;100651;588.25;3;9818307265;B
20240313;100652;588.1;50;9818307395;S
20240313;100653;588.25;2;9818307446;B
20240313;100654;588.25;2;9818307581;B
20240313;100655;588.25;2;9818307776;B
20240313;100656;588.2;1;9818307901;S
20240313;100657;588.2;2;9818308017;S
20240313;100700;588.25;10;9818308528;B
20240313;100701;588.25;90;9818308609;B
20240313;100703;588.25;40;9818308841;B
20240313;100703;588.25;2;9818308946;B
20240313;100705;588.25;1;9818309139;B
20240313;100705;588.2;10;9818309151;S
20240313;100705;588.15;4;9818309152;S
20240313;100705;588.25;2;9818309169;B
20240313;100709;588.25;69;9818309639;B
20240313;100710;588.2;14;9818309715;S
20240313;100710;588.15;4;9818309716;S
20240313;100711;588.2;3;9818309790;S
20240313;100711;588.25;1;9818309928;B
20240313;100712;588.2;11;9818309950;S
20240313;100712;588.2;9;9818309951;S
20240313;100712;588.25;39;9818309959;B
20240313;100712;588.2;17;9818310039;S
20240313;100713;588.2;2;9818310192;B
20240313;100714;588.2;3;9818310241;B
20240313;100716;588.15;79;9818310575;S
20240313;100716;588.15;88;9818310576;S
20240313;100716;588.15;30;9818310577;S
20240313;100716;588.1;150;9818310578;S
20240313;100716;588.1;50;9818310579;S
20240313;100716;588.05;203;9818310580;S
20240313;100717;588.1;1;9818310662;S
20240313;100717;588.2;3;9818310688;B
20240313;100718;588.1;4;9818310960;S
20240313;100719;588.15;1;9818311099;B
20240313;100723;588.15;4;9818311623;B
20240313;100723;588.15;1;9818311740;B
20240313;100724;588.15;1;9818311825;B
20240313;100727;588.15;4;9818312314;B
20240313;100731;588.15;1;9818312863;B
20240313;100732;588.15;3;9818312924;B
20240313;100734;588.1;1;9818313332;S
20240313;100736;588.1;12;9818313515;S
20240313;100736;588.1;1;9818313516;S
20240313;100736;588.1;1;9818313517;S
20240313;100738;588.05;1;9818313771;B
20240313;100738;588.05;2;9818313809;B
20240313;100740;588;1;9818314127;S
20240313;100740;588.05;20;9818314163;B
20240313;100740;588.05;7;9818314164;B
20240313;100740;588.05;28;9818314198;B
20240313;100740;588.05;27;9818314221;B
20240313;100740;588.05;16;9818314283;B
20240313;100740;588.1;12;9818314284;B
20240313;100741;588.1;27;9818314313;B
20240313;100741;588.1;1;9818314342;B
20240313;100741;588;100;9818314358;S
20240313;100741;588.1;27;9818314364;B
20240313;100743;588.05;200;9818314727;B
20240313;100743;588;627;9818314731;S
20240313;100743;588;1000;9818314732;S
20240313;100743;588;1;9818314733;S
20240313;100743;588;1000;9818314734;S
20240313;100743;588;50;9818314735;S
20240313;100743;587.95;95;9818314736;S
20240313;100743;587.9;6;9818314737;S
20240313;100743;587.9;1221;9818314738;S
20240313;100744;587.9;2379;9818314840;S
20240313;100744;587.9;40;9818314841;S
20240313;100744;587.9;1;9818314842;S
20240313;100744;587.9;48;9818314843;S
20240313;100745;587.85;1;9818315014;B
20240313;100746;587.8;16;9818315084;S
20240313;100747;587.85;1;9818315229;B
20240313;100748;587.85;1;9818315317;B
20240313;100756;587.8;2;9818316468;S
20240313;100756;587.8;70;9818316479;S
20240313;100801;587.9;4;9818316968;B
20240313;100803;587.9;6;9818317226;B
20240313;100805;587.95;1;9818317539;B
20240313;100809;587.95;2;9818318089;B
20240313;100811;587.85;1;9818318298;S
20240313;100817;587.95;2;9818319141;B
20240313;100819;587.95;1;9818319508;B
20240313;100819;587.8;912;9818319578;S
20240313;100819;587.8;100;9818319579;S
20240313;100819;587.8;50;9818319580;S
20240313;100821;587.75;50;9818319941;S
20240313;100822;587.75;65;9818320046;S
20240313;100822;587.75;65;9818320051;S
20240313;100822;587.8;1;9818320070;B
20240313;100822;587.75;65;9818320072;S
20240313;100822;587.75;65;9818320094;S
20240313;100823;587.75;4;9818320178;S
20240313;100823;587.8;2;9818320285;B
20240313;100824;587.75;150;9818320306;S
20240313;100824;587.75;927;9818320317;S
20240313;100824;587.7;1;9818320318;S
20240313;100824;587.7;20;9818320319;S
20240313;100824;587.7;10;9818320320;S
20240313;100824;587.7;10;9818320321;S
20240313;100824;587.7;30;9818320322;S
20240313;100824;587.7;2;9818320323;S
20240313;100824;587.7;94;9818320324;S
20240313;100825;587.7;1;9818320485;B
20240313;100825;587.7;1;9818320494;B
20240313;100826;587.7;10;9818320585;B
20240313;100827;587.7;1;9818320746;B
20240313;100831;587.7;1;9818321096;B
20240313;100831;587.7;36;9818321140;B
20240313;100831;587.7;33;9818321141;B
20240313;100834;587.7;3;9818321393;B
20240313;100835;587.65;15;9818321505;S
20240313;100836;587.7;9;9818321599;B
20240313;100836;587.6;3;9818321659;S
20240313;100836;587.6;10;9818321660;S
20240313;100836;587.6;87;9818321661;S
20240313;100838;587.65;1;9818321929;B
20240313;100839;587.65;8;9818322003;B
20240313;100839;587.55;65;9818322144;S
20240313;100839;587.55;35;9818322146;S
20240313;100839;587.55;7;9818322147;S
20240313;100839;587.5;396;9818322148;S
20240313;100842;587.5;11;9818322435;S
20240313;100842;587.6;1;9818322476;B
20240313;100843;587.5;2;9818322602;S
20240313;100843;587.5;65;9818322606;S
20240313;100843;587.55;50;9818322640;B
20240313;100843;587.5;30;9818322644;S
20240313;100843;587.55;1;9818322646;B
20240313;100843;587.5;1;9818322661;S
20240313;100843;587.55;1;9818322662;B
20240313;100845;587.55;5;9818322920;B
20240313;100845;587.55;3;9818322967;B
20240313;100846;587.5;11;9818323047;S
20240313;100846;587.55;20;9818323120;B
20240313;100847;587.55;3;9818323214;B
20240313;100847;587.55;1;9818323239;B
20240313;100849;587.5;2;9818323558;S
20240313;100849;587.5;1;9818323638;S
20240313;100850;587.5;1;9818323720;S
20240313;100851;587.55;4;9818323788;B
20240313;100851;587.6;1;9818323881;B
20240313;100852;587.5;65;9818323977;S
20240313;100852;587.55;1;9818323984;B
20240313;100853;587.5;3;9818324029;S
20240313;100853;587.5;64;9818324055;S
20240313;100853;587.5;65;9818324076;S
20240313;100853;587.55;5;9818324116;B
20240313;100855;587.5;2;9818324377;S
20240313;100855;587.55;3;9818324447;B
20240313;100856;587.55;1;9818324469;B
20240313;100857;587.55;11;9818324834;B
20240313;100857;587.55;1;9818324863;B
20240313;100858;587.5;210;9818325058;S
20240313;100858;587.55;9;9818325111;B
20240313;100859;587.55;9;9818325169;B
20240313;100859;587.5;69;9818325314;S
20240313;100900;587.5;10;9818325445;S
20240313;100901;587.5;3;9818325540;S
20240313;100901;587.5;5;9818325613;S
20240313;100902;587.5;1;9818325665;S
20240313;100902;587.55;3;9818325685;B
20240313;100902;587.55;1;9818325786;B
20240313;100903;587.55;1;9818325823;B
20240313;100904;587.5;1;9818325996;S
20240313;100904;587.5;2;9818326051;S
20240313;100905;587.5;2;9818326141;S
20240313;100907;587.6;1;9818326359;B
20240313;100908;587.6;1;9818326732;B
20240313;100911;587.6;10;9818327215;B
20240313;100911;587.6;53;9818327222;B
20240313;100911;587.6;14;9818327223;B
20240313;100911;587.6;53;9818327224;B
20240313;100913;587.55;2;9818327466;S
20240313;100913;587.5;2;9818327467;S
20240313;100916;587.5;1;9818327813;S
20240313;100916;587.55;2;9818327915;B
20240313;100917;587.55;1;9818327958;B
20240313;100917;587.6;2;9818327967;B
20240313;100920;587.55;2;9818328433;B
20240313;100921;587.55;1;9818328553;B
20240313;100927;587.55;1;9818329453;B
20240313;100928;587.55;1;9818329818;B
20240313;100928;587.55;5;9818329986;B
20240313;100928;587.55;8;9818329987;B
20240313;100928;587.6;17;9818329988;B
20240313;100929;587.5;3;9818329993;S
20240313;100929;587.55;5;9818330026;B
20240313;100929;587.6;2;9818330068;B
20240313;100931;587.6;4;9818330271;B
20240313;100931;587.6;4;9818330272;B
20240313;100933;587.5;13;9818330611;S
20240313;100933;587.55;3;9818330670;B
20240313;100936;587.6;2;9818331107;B
20240313;100937;587.55;5;9818331301;B
20240313;100937;587.55;1;9818331312;B
20240313;100938;587.5;70;9818331400;S
20240313;100938;587.5;65;9818331411;S
20240313;100938;587.5;65;9818331421;S
20240313;100938;587.5;65;9818331433;S
20240313;100938;587.5;65;9818331440;S
20240313;100938;587.5;42;9818331450;S
20240313;100938;587.5;2;9818331451;S
20240313;100938;587.5;6;9818331452;S
20240313;100938;587.5;10;9818331453;S
20240313;100938;587.5;2;9818331454;S
20240313;100938;587.5;3;9818331455;S
20240313;100938;587.5;7;9818331484;S
20240313;100938;587.5;58;9818331485;S
20240313;100938;587.5;42;9818331506;S
20240313;100938;587.5;1;9818331507;S
20240313;100938;587.5;10;9818331508;S
20240313;100938;587.5;12;9818331509;S
20240313;100938;587.5;3;9818331517;S
20240313;100938;587.5;20;9818331518;S
20240313;100938;587.5;25;9818331519;S
20240313;100938;587.5;2;9818331520;S
20240313;100938;587.5;2;9818331521;S
20240313;100938;587.5;13;9818331522;S
20240313;100938;587.5;547;9818331523;S
20240313;100938;587.5;7;9818331524;S
20240313;100938;587.5;4;9818331525;S
20240313;100938;587.5;50;9818331526;S
20240313;100938;587.5;2;9818331527;S
20240313;100938;587.5;1;9818331528;S
20240313;100938;587.45;1;9818331539;S
20240313;100938;587.4;3;9818331540;S
20240313;100938;587.4;25;9818331541;S
20240313;100938;587.35;1;9818331542;S
20240313;100938;587.35;15;9818331543;S
20240313;100938;587.35;20;9818331544;S
20240313;100939;587.35;65;9818331552;S
20240313;100939;587.35;65;9818331559;S
20240313;100939;587.4;2;9818331590;B
20240313;100939;587.35;63;9818331601;S
20240313;100939;587.35;3;9818331610;S
20240313;100939;587.4;2;9818331648;B
20240313;100940;587.4;1;9818331721;B
20240313;100940;587.35;62;9818331742;S
20240313;100941;587.35;50;9818331902;S
20240313;100942;587.35;1;9818331941;S
20240313;100944;587.45;2;9818332181;B
20240313;100945;587.45;40;9818332474;B
20240313;100946;587.35;65;9818332691;S
20240313;100947;587.45;1;9818332704;B
20240313;100947;587.35;65;9818332705;S
20240313;100947;587.35;65;9818332733;S
20240313;100947;587.45;1;9818332734;B
20240313;100947;587.35;65;9818332742;S
20240313;100947;587.35;65;9818332751;S
20240313;100947;587.35;65;9818332765;S
20240313;100947;587.35;65;9818332773;S
20240313;100947;587.35;65;9818332778;S
20240313;100947;587.35;65;9818332793;S
20240313;100947;587.35;65;9818332823;S
20240313;100947;587.35;65;9818332849;S
20240313;100948;587.35;5;9818332851;S
20240313;100948;587.35;65;9818332869;S
20240313;100948;587.35;6;9818332874;S
20240313;100948;587.15;10;9818332941;S
20240313;100948;587.15;49;9818332942;S
20240313;100949;587.15;65;9818333101;S
20240313;100949;587.15;65;9818333119;S
20240313;100949;587.15;21;9818333135;S
20240313;100950;587.1;44;9818333223;S
20240313;100950;587.1;2;9818333246;S
20240313;100953;587.15;1;9818333685;B
20240313;100953;587.1;1;9818333693;S
20240313;100953;587.15;20;9818333769;B
20240313;100953;587.1;55;9818333836;S
20240313;100954;587.1;70;9818334031;S
20240313;100954;587.2;1;9818334036;B
20240313;100954;587.25;14;9818334037;B
20240313;100955;587.1;65;9818334122;S
20240313;100955;587.1;65;9818334173;S
20240313;100955;587.15;1;9818334203;B
20240313;100956;587.1;64;9818334279;S
20240313;100956;587.15;1;9818334415;B
20240313;100959;587.1;3;9818334829;S
20240313;101000;587.1;131;9818334847;S
20240313;101000;587.1;2;9818334848;S
20240313;101000;587.1;20;9818334849;S
20240313;101000;587.1;25;9818334850;S
20240313;101000;587.1;40;9818334851;S
20240313;101000;587.1;4;9818334852;S
20240313;101000;587.1;100;9818334853;S
20240313;101000;587.1;1;9818334854;S
20240313;101000;587.1;4;9818334855;S
20240313;101000;587.05;31;9818334856;S
20240313;101000;587.15;18;9818334861;B
20240313;101000;587.05;2;9818335011;S
20240313;101001;587.1;14;9818335282;S
20240313;101002;587.15;1;9818335344;B
20240313;101003;587.15;20;9818335483;B
20240313;101004;587.1;5;9818335785;S
20240313;101005;587.15;2;9818335864;B
20240313;101005;587.15;2;9818335885;B
20240313;101005;587.15;5;9818335963;B
20240313;101007;587.15;3;9818336190;B
20240313;101007;587.1;1;9818336233;S
20240313;101007;587.15;1;9818336240;B
20240313;101007;587.15;1;9818336306;B
20240313;101008;587.1;1;9818336358;S
20240313;101009;587.15;64;9818336486;B
20240313;101009;587.15;65;9818336518;S
20240313;101009;587.2;13;9818336542;S
20240313;101009;587.15;52;9818336543;S
20240313;101009;587.15;50;9818336582;S
20240313;101010;587.1;14;9818336642;S
20240313;101010;587.15;2;9818336698;B
20240313;101010;587.15;26;9818336710;B
20240313;101011;587.15;65;9818336923;B
20240313;101011;587.25;1;9818336948;B
20240313;101011;587.25;28;9818336949;B
20240313;101011;587.25;3;9818336950;B
20240313;101011;587.25;2;9818336951;B
20240313;101011;587.25;2;9818336952;B
20240313;101011;587.25;1;9818336953;B
20240313;101011;587.25;2;9818336954;B
20240313;101011;587.15;65;9818337020;S
20240313;101012;587.25;2;9818337162;B
20240313;101012;587.25;5;9818337187;B
20240313;101012;587.25;6;9818337188;B
20240313;101012;587.25;4;9818337189;B
20240313;101012;587.25;1;9818337190;B
20240313;101012;587.25;3;9818337191;B
20240313;101012;587.25;4;9818337192;B
20240313;101012;587.25;115;9818337193;B
20240313;101012;587.3;137;9818337259;B
20240313;101012;587.3;370;9818337345;B
20240313;101013;587.35;1;9818337457;B
20240313;101013;587.35;20;9818337458;B
20240313;101013;587.35;32;9818337459;B
20240313;101013;587.4;1;9818337618;B
20240313;101013;587.45;65;9818337778;B
20240313;101013;587.5;63;9818337827;B
20240313;101013;587.55;1;9818337847;B
20240313;101013;587.6;64;9818337848;B
20240313;101017;587.55;5;9818338359;S
20240313;101017;587.6;1;9818338384;B
20240313;101019;587.65;200;9818338709;B
20240313;101020;587.65;200;9818338738;B
20240313;101020;587.65;200;9818338778;B
20240313;101020;587.65;200;9818338844;B
20240313;101021;587.65;1;9818339015;B
20240313;101021;587.65;200;9818339025;B
20240313;101021;587.65;100;9818339045;B
20240313;101021;587.65;1;9818339048;B
20240313;101021;587.65;8;9818339063;B
20240313;101021;587.7;136;9818339064;B
20240313;101021;587.75;56;9818339065;B
20240313;101022;587.75;8;9818339163;B
20240313;101023;587.75;1;9818339243;B
20240313;101023;587.65;50;9818339318;S
20240313;101023;587.65;20;9818339319;S
20240313;101023;587.65;65;9818339328;S
20240313;101023;587.65;37;9818339352;S
20240313;101023;587.65;15;9818339353;S
20240313;101024;587.6;1;9818339406;S
20240313;101024;587.6;12;9818339407;S
20240313;101024;587.6;198;9818339430;S
20240313;101024;587.5;2;9818339435;S
20240313;101026;587.6;1;9818339638;B
20240313;101027;587.5;1;9818339728;S
20240313;101027;587.45;2;9818339729;S
20240313;101027;587.45;84;9818339730;S
20240313;101027;587.4;28;9818339731;S
20240313;101027;587.4;85;9818339732;S
20240313;101028;587.4;13;9818339888;S
20240313;101030;587.5;1;9818340098;B
20240313;101031;587.5;1;9818340203;B
20240313;101031;587.5;19;9818340204;B
20240313;101032;587.45;1;9818340387;S
20240313;101032;587.4;64;9818340388;S
20240313;101034;587.35;12;9818340515;S
20240313;101034;587.3;8;9818340516;S
20240313;101034;587.3;1;9818340525;S
20240313;101034;587.45;5;9818340632;B
20240313;101035;587.45;1;9818340706;B
20240313;101037;587.45;5;9818340994;B
20240313;101038;587.45;6;9818341026;B
20240313;101038;587.5;4;9818341027;B
20240313;101039;587.55;1;9818341112;B
20240313;101043;587.45;20;9818341634;B
20240313;101043;587.55;5;9818341635;B
20240313;101044;587.4;46;9818341708;S
20240313;101044;587.4;54;9818341729;S
20240313;101044;587.4;11;9818341730;S
20240313;101044;587.4;65;9818341736;S
20240313;101044;587.4;65;9818341744;S
20240313;101044;587.5;65;9818341757;S
20240313;101045;587.5;1000;9818341831;S
20240313;101045;587.5;65;9818341843;S
20240313;101045;587.55;3;9818341844;B
20240313;101045;587.55;2;9818341852;B
20240313;101045;587.5;65;9818341876;S
20240313;101045;587.5;65;9818341879;S
20240313;101045;587.5;65;9818341882;S
20240313;101046;587.55;5;9818341928;B
20240313;101046;587.5;10;9818341929;S
20240313;101050;587.55;4;9818342436;B
20240313;101052;587.5;5;9818342567;S
20240313;101053;587.5;65;9818342698;S
20240313;101053;587.5;31;9818342702;S
20240313;101053;587.5;65;9818342707;S
20240313;101053;587.5;65;9818342721;S
20240313;101053;587.5;65;9818342726;S
20240313;101053;587.5;65;9818342747;S
20240313;101053;587.5;65;9818342766;S
20240313;101053;587.5;65;9818342775;S
20240313;101053;587.5;65;9818342784;S
20240313;101053;587.5;65;9818342801;S
20240313;101054;587.5;65;9818342838;S
20240313;101054;587.5;65;9818342855;S
20240313;101054;587.5;65;9818342863;S
20240313;101054;587.5;65;9818342868;S
20240313;101054;587.5;3;9818342881;S
20240313;101054;587.55;69;9818342930;B
20240313;101054;587.55;31;9818342931;B
20240313;101056;587.5;65;9818343128;S
20240313;101057;587.55;6;9818343229;B
20240313;101057;587.55;1;9818343276;B
20240313;101057;587.5;100;9818343283;S
20240313;101057;587.55;7;9818343285;B
20240313;101057;587.55;1;9818343313;B
20240313;101058;587.55;4;9818343378;B
20240313;101058;587.55;6;9818343379;B
20240313;101059;587.55;4;9818343515;B
20240313;101100;587.5;1;9818343544;S
20240313;101100;587.55;1;9818343550;B
20240313;101101;587.5;26;9818343657;S
20240313;101103;587.5;5;9818343864;S
20240313;101103;587.5;19;9818343912;S
20240313;101104;587.55;3;9818344012;B
20240313;101104;587.55;23;9818344032;B
20240313;101105;587.5;555;9818344150;S
20240313;101105;587.5;10;9818344151;S
20240313;101108;587.55;1;9818344431;B
20240313;101112;587.5;65;9818344848;S
20240313;101112;587.5;65;9818344923;S
20240313;101112;587.5;65;9818344930;S
20240313;101113;587.5;65;9818344944;S
20240313;101113;587.5;65;9818344965;S
20240313;101113;587.5;65;9818344970;S
20240313;101113;587.5;10;9818344980;S
20240313;101113;587.5;55;9818344981;S
20240313;101113;587.5;45;9818344993;S
20240313;101113;587.5;5;9818344994;S
20240313;101113;587.45;15;9818344995;S
20240313;101113;587.45;65;9818345001;S
20240313;101113;587.45;65;9818345007;S
20240313;101113;587.45;35;9818345049;S
20240313;101113;587.45;30;9818345050;S
20240313;101113;587.5;3;9818345053;B
20240313;101115;587.55;45;9818345378;B
20240313;101116;587.55;10;9818345658;B
20240313;101119;587.5;350;9818346175;S
20240313;101120;587.55;1;9818346292;B
20240313;101120;587.5;5;9818346404;S
20240313;101120;587.55;1;9818346425;B
20240313;101122;587.55;1;9818346553;B
20240313;101126;587.45;1;9818347049;S
20240313;101127;587.4;64;9818347116;S
20240313;101128;587.45;5;9818347235;B
20240313;101128;587.45;1;9818347249;B
20240313;101129;587.45;1;9818347403;B
20240313;101130;587.4;36;9818347515;S
20240313;101130;587.4;1;9818347516;S
20240313;101130;587.4;1;9818347517;S
20240313;101130;587.4;1;9818347518;S
20240313;101130;587.4;5;9818347519;S
20240313;101130;587.4;83;9818347520;S
20240313;101130;587.35;100;9818347521;S
20240313;101130;587.35;1;9818347522;S
20240313;101130;587.35;136;9818347523;S
20240313;101130;587.35;4;9818347524;S
20240313;101130;587.3;28;9818347525;S
20240313;101130;587.3;113;9818347526;S
20240313;101130;587.45;3;9818347553;B
20240313;101131;587.45;1;9818347628;B
20240313;101131;587.45;12;9818347631;B
20240313;101133;587.25;50;9818347884;S
20240313;101133;587.2;1;9818347885;S
20240313;101133;587.2;50;9818347886;S
20240313;101133;587.2;82;9818347887;S
20240313;101133;587.15;40;9818347888;S
20240313;101133;587.15;35;9818347889;S
20240313;101134;587.35;1;9818347954;B
20240313;101137;587.4;1;9818348348;B
20240313;101137;587.45;1;9818348394;B
20240313;101139;587.3;1;9818348546;S
20240313;101140;587.45;2;9818348721;B
20240313;101141;587.45;2;9818348770;B
20240313;101142;587.45;1;9818348957;B
20240313;101142;587.45;28;9818348958;B
20240313;101142;587.45;65;9818348959;B
20240313;101142;587.5;3;9818348960;B
20240313;101142;587.5;50;9818348961;B
20240313;101142;587.5;81;9818348962;B
20240313;101142;587.5;65;9818348971;S
20240313;101143;587.5;65;9818349058;S
20240313;101143;587.5;65;9818349084;S
20240313;101143;587.5;65;9818349093;S
20240313;101143;587.5;65;9818349121;S
20240313;101143;587.5;65;9818349137;S
20240313;101143;587.5;65;9818349160;S
20240313;101143;587.5;65;9818349167;S
20240313;101143;587.5;65;9818349184;S
20240313;101143;587.5;1;9818349214;S
20240313;101143;587.5;65;9818349215;S
20240313;101143;587.5;65;9818349224;S
20240313;101143;587.5;65;9818349232;S
20240313;101144;587.5;65;9818349245;S
20240313;101144;587.5;65;9818349253;S
20240313;101144;587.5;65;9818349292;S
20240313;101144;587.5;65;9818349312;S
20240313;101144;587.5;65;9818349327;S
20240313;101144;587.5;65;9818349333;S
20240313;101144;587.5;65;9818349339;S
20240313;101144;587.5;65;9818349344;S
20240313;101144;587.5;65;9818349361;S
20240313;101144;587.5;65;9818349387;S
20240313;101144;587.5;65;9818349393;S
20240313;101145;587.5;65;9818349408;S
20240313;101145;587.5;65;9818349445;S
20240313;101145;587.5;65;9818349462;S
20240313;101145;587.5;65;9818349487;S
20240313;101145;587.5;65;9818349497;S
20240313;101145;587.5;65;9818349502;S
20240313;101145;587.5;65;9818349517;S
20240313;101145;587.5;65;9818349529;S
20240313;101145;587.5;65;9818349541;S
20240313;101145;587.5;1;9818349542;S
20240313;101145;587.5;1;9818349543;S
20240313;101145;587.5;65;9818349571;S
20240313;101145;587.5;9;9818349580;S
20240313;101145;587.5;65;9818349583;S
20240313;101146;587.5;65;9818349605;S
20240313;101146;587.5;1;9818349606;S
20240313;101146;587.5;65;9818349620;S
20240313;101146;587.5;65;9818349640;S
20240313;101146;587.5;1;9818349654;S
20240313;101146;587.55;5;9818349665;B
20240313;101147;587.5;17;9818349959;S
20240313;101147;587.55;1;9818350048;B
20240313;101149;587.55;1;9818350481;B
20240313;101149;587.55;50;9818350497;B
20240313;101149;587.5;53;9818350508;S
20240313;101150;587.55;2;9818350674;B
20240313;101150;587.55;4;9818350748;B
20240313;101151;587.5;42;9818350887;S
20240313;101154;587.5;2;9818351376;S
20240313;101155;587.5;16;9818351455;S
20240313;101158;587.55;3;9818351744;B
20240313;101158;587.5;63;9818351776;S
20240313;101158;587.5;65;9818351806;S
20240313;101159;587.5;65;9818351814;S
20240313;101159;587.5;30;9818351819;S
20240313;101159;587.5;10;9818351820;S
20240313;101159;587.45;2;9818351841;B
20240313;101159;587.3;25;9818351861;S
20240313;101203;587.45;1;9818352531;B
20240313;101207;587.45;28;9818353150;B
20240313;101208;587.45;19;9818353258;B
20240313;101208;587.4;1;9818353265;S
20240313;101211;587.5;2;9818353630;B
20240313;101212;587.5;21;9818353724;B
20240313;101212;587.5;1;9818353725;B
20240313;101212;587.3;1;9818353742;S
20240313;101215;587.5;1;9818354319;B
20240313;101218;587.5;64;9818354911;B
20240313;101218;587.5;30;9818354912;B
20240313;101218;587.5;20;9818354913;B
20240313;101218;587.5;80;9818354914;B
20240313;101218;587.5;4;9818354915;B
20240313;101219;587.5;65;9818354953;S
20240313;101219;587.5;65;9818354969;S
20240313;101219;587.55;53;9818355038;B
20240313;101219;587.5;65;9818355089;S
20240313;101219;587.5;65;9818355099;S
20240313;101219;587.55;17;9818355117;B
20240313;101219;587.55;1;9818355118;B
20240313;101219;587.5;65;9818355120;S
20240313;101219;587.5;65;9818355125;S
20240313;101219;587.5;65;9818355146;S
20240313;101220;587.5;65;9818355163;S
20240313;101220;587.5;65;9818355168;S
20240313;101220;587.5;65;9818355185;S
20240313;101220;587.5;65;9818355204;S
20240313;101220;587.5;65;9818355216;S
20240313;101220;587.5;65;9818355219;S
20240313;101220;587.5;65;9818355248;S
20240313;101220;587.5;65;9818355258;S
20240313;101220;587.5;501;9818355267;S
20240313;101220;587.5;65;9818355270;S
20240313;101220;587.5;65;9818355279;S
20240313;101220;587.5;65;9818355287;S
20240313;101220;587.5;65;9818355300;S
20240313;101221;587.5;65;9818355316;S
20240313;101221;587.5;65;9818355330;S
20240313;101221;587.5;65;9818355352;S
20240313;101221;587.5;65;9818355359;S
20240313;101223;587.5;65;9818355582;S
20240313;101223;587.5;65;9818355606;S
20240313;101223;587.5;65;9818355619;S
20240313;101223;587.5;26;9818355628;S
20240313;101224;587.5;3;9818355831;S
20240313;101225;587.55;26;9818355907;B
20240313;101225;587.55;20;9818356011;B
20240313;101226;587.5;65;9818356132;S
20240313;101226;587.5;312;9818356164;S
20240313;101226;587.55;1;9818356167;B
20240313;101227;587.55;15;9818356240;B
20240313;101227;587.5;1;9818356285;S
20240313;101228;587.55;5;9818356301;B
20240313;101229;587.5;1;9818356450;S
20240313;101229;587.55;4;9818356453;B
20240313;101232;587.55;123;9818356933;B
20240313;101233;587.5;1;9818357049;S
20240313;101235;587.5;50;9818357226;S
20240313;101238;587.55;1;9818357664;B
20240313;101238;587.5;2;9818357683;S
20240313;101241;587.55;1;9818358050;B
20240313;101242;587.5;1;9818358133;S
20240313;101242;587.5;1;9818358197;S
20240313;101243;587.5;148;9818358262;S
20240313;101243;587.45;12;9818358263;S
20240313;101244;587.5;1;9818358326;B
20240313;101245;587.5;46;9818358493;B
20240313;101245;587.5;1;9818358555;B
20240313;101252;587.5;2;9818359543;B
20240313;101252;587.5;48;9818359544;B
20240313;101252;587.5;2;9818359612;B
20240313;101254;587.5;2;9818359804;B
20240313;101254;587.5;9;9818359905;B
20240313;101302;587.5;1;9818360940;B
20240313;101304;587.5;10;9818361160;B
20240313;101305;587.5;1;9818361477;B
20240313;101305;587.5;1;9818361478;B
20240313;101306;587.4;1;9818361548;S
20240313;101306;587.4;1;9818361549;S
20240313;101306;587.4;1;9818361550;S
20240313;101306;587.4;1;9818361551;S
20240313;101306;587.35;1;9818361552;S
20240313;101307;587.4;4;9818361664;B
20240313;101307;587.4;79;9818361665;B
20240313;101307;587.45;50;9818361666;B
20240313;101307;587.5;46;9818361667;B
20240313;101307;587.5;50;9818361668;B
20240313;101307;587.5;510;9818361669;B
20240313;101309;587.5;3;9818361963;S
20240313;101311;587.5;1;9818362345;S
20240313;101313;587.5;6;9818362706;S
20240313;101314;587.55;2;9818362895;B
20240313;101317;587.55;1;9818363134;B
20240313;101317;587.5;5;9818363192;S
20240313;101318;587.55;2;9818363250;B
20240313;101318;587.55;14;9818363296;B
20240313;101319;587.55;10;9818363379;B
20240313;101319;587.5;2;9818363401;S
20240313;101319;587.55;2;9818363437;B
20240313;101319;587.5;1;9818363447;S
20240313;101320;587.5;10;9818363562;S
20240313;101321;587.5;250;9818363580;S
20240313;101322;587.5;50;9818363744;S
20240313;101322;587.5;45;9818363760;S
20240313;101322;587.5;30;9818363764;S
20240313;101323;587.55;1;9818363849;B
20240313;101325;587.55;3;9818364001;B
20240313;101325;587.55;1;9818364101;B
20240313;101327;587.55;1;9818364336;B
20240313;101327;587.5;2;9818364373;S
20240313;101327;587.5;500;9818364378;S
20240313;101327;587.5;3;9818364381;S
20240313;101328;587.55;1;9818364471;B
20240313;101329;587.55;3;9818364560;B
20240313;101329;587.55;78;9818364622;B
20240313;101330;587.5;9;9818364663;S
20240313;101330;587.5;5;9818364687;S
20240313;101333;587.55;1;9818365167;B
20240313;101334;587.55;2;9818365274;B
20240313;101336;587.55;2;9818365536;B
20240313;101336;587.55;3;9818365634;B
20240313;101339;587.55;1;9818366025;B
20240313;101340;587.55;20;9818366126;B
20240313;101340;587.5;2;9818366169;S
20240313;101342;587.5;100;9818366358;S
20240313;101342;587.55;14;9818366498;B
20240313;101343;587.55;5;9818366555;B
20240313;101343;587.55;3;9818366584;B
20240313;101343;587.55;1;9818366609;B
20240313;101345;587.55;1;9818366813;B
20240313;101346;587.5;3;9818367012;S
20240313;101346;587.5;60;9818367048;S
20240313;101347;587.5;65;9818367065;S
20240313;101347;587.5;65;9818367071;S
20240313;101347;587.5;65;9818367083;S
20240313;101347;587.5;65;9818367094;S
20240313;101347;587.5;65;9818367099;S
20240313;101347;587.5;65;9818367112;S
20240313;101347;587.5;65;9818367129;S
20240313;101347;587.5;65;9818367172;S
20240313;101348;587.55;33;9818367258;B
20240313;101348;587.55;136;9818367259;B
20240313;101348;587.55;431;9818367260;B
20240313;101348;587.55;9;9818367261;B
20240313;101350;587.55;1;9818367489;B
20240313;101350;587.55;3;9818367534;B
20240313;101351;587.55;2;9818367660;B
20240313;101353;587.5;100;9818367881;S
20240313;101353;587.55;9;9818367959;B
20240313;101355;587.5;5;9818368139;S
20240313;101355;587.55;6;9818368207;B
20240313;101356;587.55;20;9818368273;B
20240313;101356;587.55;5;9818368274;B
20240313;101356;587.55;100;9818368275;B
20240313;101356;587.55;371;9818368276;B
20240313;101356;587.5;1;9818368371;S
20240313;101358;587.55;14;9818368546;B
20240313;101358;587.5;50;9818368579;S
20240313;101359;587.55;2;9818368665;B
20240313;101401;587.55;1;9818368798;B
20240313;101401;587.5;30;9818368818;S
20240313;101402;587.55;1;9818368851;B
20240313;101402;587.55;5;9818368886;B
20240313;101403;587.5;100;9818369012;S
20240313;101404;587.5;3;9818369076;S
20240313;101404;587.55;1;9818369132;B
20240313;101406;587.5;4;9818369410;S
20240313;101406;587.55;10;9818369498;B
20240313;101407;587.55;1;9818369579;B
20240313;101408;587.5;30;9818369643;S
20240313;101408;587.55;1;9818369667;B
20240313;101409;587.55;1;9818369861;B
20240313;101412;587.5;220;9818370243;S
20240313;101415;587.55;20;9818370507;B
20240313;101415;587.55;4;9818370532;B
20240313;101416;587.5;10;9818370647;S
20240313;101417;587.55;4;9818370834;B
20240313;101418;587.55;2;9818370941;B
20240313;101420;587.5;1;9818371133;S
20240313;101423;587.55;1;9818371384;B
20240313;101423;587.5;8;9818371400;S
20240313;101424;587.55;2;9818371468;B
20240313;101425;587.5;3;9818371577;S
20240313;101425;587.5;89;9818371586;S
20240313;101425;587.5;2;9818371587;S
20240313;101425;587.5;79;9818371588;S
20240313;101426;587.55;333;9818371703;B
20240313;101426;587.55;50;9818371709;B
20240313;101426;587.55;510;9818371710;B
20240313;101426;587.6;675;9818371711;B
20240313;101430;587.6;1;9818372042;B
20240313;101430;587.6;3;9818372076;B
20240313;101432;587.6;129;9818372344;B
20240313;101436;587.6;12;9818372876;B
20240313;101436;587.55;1;9818372973;S
20240313;101437;587.6;1;9818373073;B
20240313;101437;587.55;1;9818373159;S
20240313;101438;587.6;2;9818373214;B
20240313;101439;587.6;4;9818373294;B
20240313;101441;587.55;98;9818373527;S
20240313;101441;587.55;2;9818373528;S
20240313;101441;587.55;2;9818373559;S
20240313;101443;587.6;774;9818373790;B
20240313;101443;587.6;200;9818373791;B
20240313;101443;587.6;12;9818373792;B
20240313;101443;587.6;4;9818373793;B
20240313;101443;587.6;79;9818373794;B
20240313;101443;587.6;65;9818373795;B
20240313;101443;587.6;20;9818373796;B
20240313;101443;587.65;527;9818373803;B
20240313;101443;587.65;2;9818373805;B
20240313;101444;587.6;65;9818373828;S
20240313;101444;587.6;65;9818373840;S
20240313;101444;587.6;65;9818373869;S
20240313;101444;587.6;65;9818373877;S
20240313;101444;587.6;65;9818373885;S
20240313;101444;587.6;65;9818373891;S
20240313;101444;587.6;65;9818373900;S
20240313;101444;587.65;1;9818373901;B
20240313;101444;587.6;65;9818373913;S
20240313;101444;587.6;65;9818373919;S
20240313;101444;587.6;65;9818373927;S
20240313;101444;587.6;65;9818373934;S
20240313;101444;587.65;1;9818373935;B
20240313;101444;587.65;1;9818373936;B
20240313;101445;587.6;65;9818373945;S
20240313;101445;587.6;65;9818373949;S
20240313;101445;587.65;26;9818373961;B
20240313;101445;587.6;65;9818373992;S
20240313;101445;587.6;65;9818374005;S
20240313;101445;587.6;65;9818374013;S
20240313;101445;587.6;65;9818374022;S
20240313;101445;587.6;65;9818374033;S
20240313;101445;587.6;65;9818374039;S
20240313;101445;587.6;65;9818374046;S
20240313;101445;587.6;65;9818374053;S
20240313;101445;587.6;65;9818374060;S
20240313;101446;587.6;65;9818374072;S
20240313;101446;587.6;65;9818374078;S
20240313;101446;587.6;65;9818374086;S
20240313;101446;587.6;1;9818374087;S
20240313;101446;587.6;65;9818374093;S
20240313;101446;587.6;65;9818374108;S
20240313;101446;587.6;65;9818374114;S
20240313;101446;587.6;25;9818374121;S
20240313;101446;587.6;40;9818374122;S
20240313;101446;587.6;65;9818374127;S
20240313;101446;587.6;65;9818374133;S
20240313;101446;587.6;65;9818374138;S
20240313;101446;587.6;34;9818374148;S
20240313;101446;587.6;13;9818374149;S
20240313;101447;587.55;18;9818374189;S
20240313;101447;587.6;1;9818374193;B
20240313;101447;587.6;1;9818374221;B
20240313;101448;587.6;1;9818374272;B
20240313;101448;587.6;2;9818374313;B
20240313;101448;587.55;49;9818374357;S
20240313;101449;587.55;6;9818374419;S
20240313;101449;587.6;18;9818374488;B
20240313;101450;587.6;4;9818374561;B
20240313;101450;587.6;65;9818374571;S
20240313;101450;587.6;65;9818374596;S
20240313;101450;587.6;4;9818374606;S
20240313;101452;587.6;1;9818374798;B
20240313;101454;587.55;3;9818374985;S
20240313;101455;587.55;20;9818375120;S
20240313;101455;587.55;100;9818375121;S
20240313;101455;587.55;100;9818375122;S
20240313;101455;587.55;100;9818375123;S
20240313;101455;587.55;1;9818375124;S
20240313;101455;587.55;70;9818375125;S
20240313;101455;587.5;241;9818375126;S
20240313;101455;587.5;5;9818375127;S
20240313;101455;587.5;125;9818375128;S
20240313;101455;587.5;1;9818375129;S
20240313;101455;587.5;7;9818375130;S
20240313;101455;587.5;1;9818375131;S
20240313;101455;587.5;100;9818375132;S
20240313;101455;587.5;100;9818375133;S
20240313;101455;587.5;29;9818375134;S
20240313;101456;587.55;2;9818375231;B
20240313;101500;587.5;1;9818375807;S
20240313;101500;587.4;1;9818375824;S
20240313;101503;587.5;2;9818376238;S
20240313;101503;587.4;57;9818376239;S
20240313;101503;587.6;6;9818376269;B
20240313;101503;587.45;65;9818376270;B
20240313;101503;587.45;65;9818376293;B
20240313;101503;587.45;65;9818376308;B
20240313;101504;587.4;28;9818376440;S
20240313;101504;587.35;37;9818376441;S
20240313;101504;587.4;29;9818376461;B
20240313;101505;587.3;19;9818376548;S
20240313;101505;587.3;10;9818376549;S
20240313;101505;587.25;1;9818376550;S
20240313;101505;587.25;6;9818376551;S
20240313;101505;587.45;8;9818376611;B
20240313;101505;587.45;10;9818376644;B
20240313;101505;587.25;44;9818376653;S
20240313;101505;587.25;20;9818376654;S
20240313;101505;587.25;28;9818376655;S
20240313;101505;587.2;3;9818376656;S
20240313;101505;587.2;1;9818376657;S
20240313;101505;587.2;3;9818376658;S
20240313;101505;587.2;81;9818376659;S
20240313;101505;587.2;50;9818376660;S
20240313;101505;587.15;10;9818376661;S
20240313;101505;587.15;30;9818376662;S
20240313;101505;587.15;11;9818376687;S
20240313;101505;587.15;9;9818376699;S
20240313;101505;587.15;136;9818376700;S
20240313;101505;587.15;50;9818376701;S
20240313;101505;587.15;28;9818376702;S
20240313;101505;587.1;5;9818376703;S
20240313;101505;587.1;20;9818376704;S
20240313;101505;587.1;6;9818376705;S
20240313;101505;587.1;306;9818376706;S
20240313;101508;587.3;1;9818377074;B
20240313;101508;587.3;1;9818377176;B
20240313;101514;587.15;3;9818378232;S
20240313;101516;587.3;510;9818378786;B
20240313;101516;587.3;80;9818378787;B
20240313;101516;587.3;3;9818378788;B
20240313;101517;587.35;5;9818378882;S
20240313;101518;587.45;1;9818379032;B
20240313;101519;587.45;20;9818379336;B
20240313;101521;587.45;4;9818379849;B
20240313;101523;587.35;45;9818380411;S
20240313;101523;587.35;125;9818380412;S
20240313;101523;587.3;520;9818380413;S
20240313;101525;587.45;2;9818380673;B
20240313;101525;587.35;2;9818380832;B
20240313;101525;587.3;62;9818380851;S
20240313;101525;587.3;1;9818380861;S
20240313;101525;587.3;100;9818380862;S
20240313;101530;587.4;1;9818381880;B
20240313;101533;587.3;3;9818382518;S
20240313;101539;587.3;1721;9818383534;S
20240313;101539;587.3;81;9818383535;S
20240313;101539;587.3;1;9818383536;S
20240313;101539;587.3;1;9818383537;S
20240313;101539;587.3;1;9818383538;S
20240313;101539;587.25;50;9818383539;S
20240313;101539;587.15;4;9818383540;S
20240313;101539;587.1;136;9818383541;S
20240313;101539;587.1;30;9818383542;S
20240313;101539;587.05;17;9818383543;S
20240313;101539;587.05;1;9818383544;S
20240313;101539;587.05;2;9818383545;S
20240313;101539;587.05;1;9818383546;S
20240313;101539;587.05;2;9818383547;S
20240313;101539;587.05;2;9818383548;S
20240313;101539;587.05;10;9818383549;S
20240313;101539;587.05;50;9818383550;S
20240313;101539;587.05;25;9818383551;S
20240313;101539;587.05;10;9818383552;S
20240313;101539;587.05;136;9818383553;S
20240313;101539;587.05;1189;9818383554;S
20240313;101539;587;3000;9818383555;S
20240313;101539;587;1;9818383556;S
20240313;101539;587;10;9818383557;S
20240313;101539;587;100;9818383558;S
20240313;101539;587;5;9818383559;S
20240313;101539;587;3;9818383560;S
20240313;101539;587;3;9818383561;S
20240313;101539;587;1;9818383562;S
20240313;101539;587;4;9818383563;S
20240313;101539;587;2;9818383564;S
20240313;101539;587;500;9818383565;S
20240313;101539;587;1;9818383566;S
20240313;101539;587;5;9818383567;S
20240313;101539;587;20;9818383568;S
20240313;101539;587;1;9818383569;S
20240313;101539;587;1;9818383570;S
20240313;101539;587;10;9818383571;S
20240313;101539;587;1;9818383572;S
20240313;101539;587;1;9818383573;S
20240313;101539;587;1;9818383574;S
20240313;101539;587;50;9818383575;S
20240313;101539;587;1000;9818383576;S
20240313;101539;587;5;9818383577;S
20240313;101539;587;1;9818383578;S
20240313;101539;587;2;9818383579;S
20240313;101539;587;5;9818383580;S
20240313;101539;587;1;9818383581;S
20240313;101539;587;5;9818383582;S
20240313;101539;587;2;9818383583;S
20240313;101539;587;200;9818383584;S
20240313;101539;587;10;9818383585;S
20240313;101539;587;15;9818383586;S
20240313;101539;587;10;9818383587;S
20240313;101539;587;1;9818383588;S
20240313;101539;587;1;9818383589;S
20240313;101539;587;30;9818383590;S
20240313;101539;587;1;9818383591;S
20240313;101539;587;1;9818383592;S
20240313;101539;587;1;9818383593;S
20240313;101539;587;1;9818383594;S
20240313;101539;587;100;9818383595;S
20240313;101539;587;6;9818383596;S
20240313;101539;587;2;9818383597;S
20240313;101539;587;1;9818383598;S
20240313;101539;587;136;9818383599;S
20240313;101539;587;3;9818383600;S
20240313;101539;587;425;9818383601;S
20240313;101539;586.95;6;9818383602;S
20240313;101539;586.95;30;9818383603;S
20240313;101540;586.95;1;9818383706;B
20240313;101540;586.95;5;9818383781;B
20240313;101540;586.95;1;9818383806;B
20240313;101542;586.9;2;9818384095;S
20240313;101542;586.9;2;9818384096;S
20240313;101542;586.9;5;9818384097;S
20240313;101542;586.85;1;9818384098;S
20240313;101542;586.9;2;9818384122;B
20240313;101542;586.85;1;9818384191;S
20240313;101542;586.85;1;9818384192;S
20240313;101542;586.85;1;9818384193;S
20240313;101542;586.9;1;9818384210;B
20240313;101543;586.9;1;9818384318;B
20240313;101543;586.9;10;9818384326;B
20240313;101543;586.9;3;9818384351;B
20240313;101543;586.85;1;9818384372;S
20240313;101544;586.85;4;9818384553;S
20240313;101544;586.8;2;9818384554;S
20240313;101544;586.8;2;9818384555;S
20240313;101544;586.8;162;9818384556;S
20240313;101545;586.85;1;9818384823;B
20240313;101545;586.85;8;9818384963;B
20240313;101546;586.8;1;9818385020;S
20240313;101546;586.85;5;9818385085;B
20240313;101546;586.8;1;9818385106;S
20240313;101546;586.8;336;9818385121;S
20240313;101546;586.75;3;9818385122;S
20240313;101546;586.75;4;9818385123;S
20240313;101546;586.75;83;9818385124;S
20240313;101546;586.7;5;9818385125;S
20240313;101546;586.7;269;9818385126;S
20240313;101546;586.7;1;9818385127;S
20240313;101548;586.75;2;9818385479;B
20240313;101548;586.75;2;9818385503;B
20240313;101549;586.75;2;9818385585;B
20240313;101550;586.75;1;9818386017;B
20240313;101553;586.75;1;9818386759;B
20240313;101554;586.75;1;9818386855;B
20240313;101554;586.75;47;9818386910;B
20240313;101554;586.75;89;9818386911;B
20240313;101554;586.8;54;9818386912;B
20240313;101555;586.75;50;9818387110;S
20240313;101555;586.8;82;9818387204;B
20240313;101555;586.8;231;9818387205;B
20240313;101555;586.85;136;9818387206;B
20240313;101555;586.85;89;9818387207;B
20240313;101555;586.85;50;9818387208;B
20240313;101555;586.9;119;9818387209;B
20240313;101555;586.9;53;9818387210;B
20240313;101555;586.9;291;9818387211;B
20240313;101555;586.9;100;9818387212;B
20240313;101555;586.9;1530;9818387213;B
20240313;101555;586.9;4;9818387214;S
20240313;101555;586.95;2;9818387215;B
20240313;101556;586.95;2;9818387314;B
20240313;101557;586.95;2;9818387450;B
20240313;101557;586.95;200;9818387549;B
20240313;101558;586.95;1;9818387600;B
20240313;101600;586.9;1;9818388015;S
20240313;101600;586.9;1;9818388075;S
20240313;101601;586.95;5;9818388094;B
20240313;101601;586.95;4;9818388099;B
20240313;101601;586.95;1;9818388208;B
20240313;101601;586.9;10;9818388217;S
20240313;101602;586.95;1;9818388293;B
20240313;101602;586.9;2;9818388301;S
20240313;101602;586.95;1;9818388369;B
20240313;101603;586.95;8;9818388548;B
20240313;101604;586.9;4;9818388627;S
20240313;101605;586.95;1;9818388741;B
20240313;101605;586.95;1;9818388775;B
20240313;101606;586.95;2;9818388933;B
20240313;101607;586.95;1;9818389027;B
20240313;101609;586.9;2;9818389297;S
20240313;101609;586.95;9;9818389316;B
20240313;101609;586.95;2;9818389358;B
20240313;101609;586.95;15;9818389367;B
20240313;101611;586.95;8000;9818389543;B
20240313;101611;586.95;70;9818389544;B
20240313;101612;586.95;474;9818389646;B
20240313;101612;586.95;26;9818389647;B
20240313;101612;586.9;13;9818389716;S
20240313;101612;586.9;68;9818389719;S
20240313;101613;586.95;60;9818390035;B
20240313;101613;586.9;2;9818390058;S
20240313;101613;586.95;1;9818390067;B
20240313;101614;586.95;2;9818390319;B
20240313;101614;586.9;1;9818390331;S
20240313;101614;586.95;1;9818390400;B
20240313;101615;586.95;1;9818390428;B
20240313;101615;586.95;4;9818390450;B
20240313;101615;586.95;1;9818390482;B
20240313;101615;586.9;1;9818390507;S
20240313;101615;586.9;1;9818390561;S
20240313;101616;586.95;1;9818390684;B
20240313;101616;586.9;12;9818390732;S
20240313;101616;586.95;1;9818390738;B
20240313;101617;586.9;1;9818390769;S
20240313;101617;586.95;1;9818390785;B
20240313;101619;586.95;1;9818391136;B
20240313;101619;586.95;12;9818391173;B
20240313;101619;586.9;2;9818391177;S
20240313;101620;586.9;3;9818391256;S
20240313;101620;586.95;2;9818391311;B
20240313;101620;586.95;1;9818391349;B
20240313;101620;586.95;1;9818391350;B
20240313;101621;586.95;1;9818391537;B
20240313;101623;586.95;1;9818391656;B
20240313;101623;586.9;191;9818391810;S
20240313;101623;586.9;50;9818391811;S
20240313;101623;586.9;1;9818391812;S
20240313;101623;586.9;1;9818391813;S
20240313;101623;586.9;20;9818391814;S
20240313;101623;586.9;98;9818391815;S
20240313;101623;586.9;5;9818391816;S
20240313;101623;586.9;1;9818391817;S
20240313;101626;586.9;1;9818392396;B
20240313;101627;586.85;98;9818392732;S
20240313;101627;586.8;2;9818392733;S
20240313;101628;586.9;1;9818392776;B
20240313;101628;586.9;3;9818392954;B
20240313;101629;586.8;1;9818393012;S
20240313;101629;586.9;1;9818393127;B
20240313;101629;586.9;1;9818393128;B
20240313;101629;586.9;177;9818393129;B
20240313;101629;586.9;20;9818393140;S
20240313;101629;586.95;2;9818393158;B
20240313;101630;586.9;15;9818393258;S
20240313;101631;586.95;1;9818393617;B
20240313;101632;586.95;5;9818393856;B
20240313;101633;586.85;1;9818393949;S
20240313;101634;586.85;2;9818394134;S
20240313;101634;586.85;48;9818394172;S
20240313;101634;586.8;17;9818394173;S
20240313;101634;586.8;10;9818394174;S
20240313;101634;586.8;25;9818394175;S
20240313;101635;586.95;2;9818394413;B
20240313;101635;586.95;9;9818394420;B
20240313;101635;586.9;2;9818394435;S
20240313;101635;586.9;48;9818394481;B
20240313;101635;586.95;63;9818394482;B
20240313;101635;586.95;25;9818394483;B
20240313;101635;587;64;9818394484;B
20240313;101636;587;25;9818394674;B
20240313;101636;586.95;96;9818394677;S
20240313;101636;586.9;156;9818394678;S
20240313;101636;586.85;48;9818394679;S
20240313;101636;587;2;9818394799;B
20240313;101638;587;2;9818395058;B
20240313;101646;586.9;2;9818396469;B
20240313;101646;586.9;50;9818396501;B
20240313;101647;586.9;2;9818396692;B
20240313;101648;586.9;11;9818396872;B
20240313;101648;586.9;1;9818396930;B
20240313;101649;586.9;1;9818396994;B
20240313;101649;586.9;1;9818397031;B
20240313;101649;586.9;2;9818397149;B
20240313;101649;586.9;10;9818397218;B
20240313;101650;586.85;1;9818397224;S
20240313;101650;586.9;2;9818397227;B
20240313;101651;586.9;1;9818397463;B
20240313;101651;586.9;2;9818397540;B
20240313;101651;586.9;1;9818397549;B
20240313;101652;586.9;3;9818397744;B
20240313;101653;586.9;9;9818397979;B
20240313;101653;586.9;2;9818398153;B
20240313;101654;586.9;1;9818398280;B
20240313;101654;586.9;14;9818398318;B
20240313;101657;586.9;1;9818398910;S
20240313;101658;586.9;9;9818399103;S
20240313;101705;587;30;9818400320;B
20240313;101705;587;100;9818400321;B
20240313;101705;587;43;9818400322;B
20240313;101705;587;600;9818400323;B
20240313;101705;587.1;31;9818400324;B
20240313;101705;587.1;1;9818400325;B
20240313;101705;587.1;14;9818400326;B
20240313;101706;587.25;1;9818400505;B
20240313;101706;587.1;50;9818400616;S
20240313;101706;587.05;94;9818400617;S
20240313;101706;587.05;171;9818400618;S
20240313;101707;587.2;1;9818400699;S
20240313;101707;587.25;3;9818400735;B
20240313;101707;587.2;3;9818400756;S
20240313;101707;587.3;1;9818400783;B
20240313;101707;587.3;2;9818400795;B
20240313;101708;587.15;1;9818400834;S
20240313;101708;587.2;1;9818400878;B
20240313;101716;587.2;64;9818402267;B
20240313;101716;587.3;2;9818402268;B
20240313;101716;587.3;92;9818402269;B
20240313;101716;587.4;1;9818402270;B
20240313;101716;587.4;41;9818402271;B
20240313;101716;587.3;1;9818402397;B
20240313;101716;587.3;1;9818402418;B
20240313;101718;587.15;8;9818402748;S
20240313;101721;587.3;2;9818403483;B
20240313;101723;587.2;8;9818403824;S
20240313;101723;587.2;33;9818403825;S
20240313;101724;587.1;16;9818403941;S
20240313;101724;587.1;4;9818403942;S
20240313;101727;587.3;1;9818404359;B
20240313;101728;587.3;1;9818404465;B
20240313;101731;587.3;30;9818404909;B
20240313;101734;587.3;1;9818405313;B
20240313;101736;587.3;2;9818405499;B
20240313;101736;587.3;6;9818405500;B
20240313;101736;587.25;1;9818405584;S
20240313;101737;587.25;5;9818405630;B
20240313;101737;587.2;21;9818405648;S
20240313;101739;587.2;1;9818405969;B
20240313;101743;587.2;1;9818406520;B
20240313;101748;587.2;3;9818406995;B
20240313;101749;587.15;1;9818407034;B
20240313;101751;587.15;5;9818407244;B
20240313;101751;587.15;1;9818407288;B
20240313;101752;587.15;3;9818407346;B
20240313;101752;587.1;1;9818407357;S
20240313;101752;587.15;1;9818407360;B
20240313;101753;587.1;9;9818407449;S
20240313;101753;587.1;2;9818407450;S
20240313;101753;587.1;3;9818407451;S
20240313;101753;587.15;2;9818407469;B
20240313;101754;587.15;5;9818407611;B
20240313;101754;587.15;7;9818407639;B
20240313;101755;587.15;1;9818407699;B
20240313;101756;587.15;10;9818407781;B
20240313;101756;587.15;3;9818407812;B
20240313;101756;587.1;36;9818407875;S
20240313;101756;587.15;1;9818407892;B
20240313;101757;587.15;2;9818407961;B
20240313;101758;587.15;2;9818408065;B
20240313;101759;587.15;20;9818408145;B
20240313;101759;587.15;2;9818408157;B
20240313;101759;587.1;20;9818408177;S
20240313;101800;587.15;1;9818408309;B
20240313;101802;587.1;24;9818408645;S
20240313;101802;587.15;4;9818408724;B
20240313;101804;587.1;6;9818409019;S
20240313;101804;587.1;1;9818409020;S
20240313;101804;587.1;1;9818409021;S
20240313;101804;587.1;2;9818409022;S
20240313;101808;587.1;1;9818409550;S
20240313;101813;587.15;3;9818410176;B
20240313;101814;587.15;1;9818410258;B
20240313;101814;587.1;2;9818410263;S
20240313;101814;587.05;3;9818410265;S
20240313;101815;587.15;1;9818410399;B
20240313;101816;587.15;2;9818410459;B
20240313;101821;587.15;1;9818412895;B
20240313;101828;587.15;2;9818414008;B
20240313;101828;587.15;2;9818414015;B
20240313;101830;587.15;2;9818414235;B
20240313;101830;587.15;2;9818414264;B
20240313;101833;587.15;13;9818414743;B
20240313;101833;587.15;4;9818414744;B
20240313;101833;587.15;100;9818414745;B
20240313;101833;587.15;2;9818414746;B
20240313;101833;587.15;85;9818414747;B
20240313;101833;587.2;95;9818414748;B
20240313;101833;587.25;34;9818414749;B
20240313;101833;587.3;50;9818414750;B
20240313;101833;587.3;12;9818414751;B
20240313;101833;587.3;425;9818414752;B
20240313;101833;587.35;300;9818414753;B
20240313;101833;587.35;136;9818414754;B
20240313;101833;587.35;150;9818414755;B
20240313;101833;587.4;19;9818414756;B
20240313;101834;587.3;5;9818414840;B
20240313;101839;587.15;1;9818415310;S
20240313;101841;587.3;1;9818415443;B
20240313;101841;587.3;1;9818415582;B
20240313;101843;587.3;1;9818415746;B
20240313;101849;587.15;49;9818416605;S
20240313;101849;587.15;50;9818416606;S
20240313;101850;587.1;1;9818416700;S
20240313;101850;587.15;1;9818416701;B
20240313;101853;587.1;1;9818416944;B
20240313;101854;587.1;2;9818417103;B
20240313;101854;587.1;1;9818417114;B
20240313;101854;587.05;1;9818417118;S
20240313;101854;587.05;1;9818417119;S
20240313;101855;587.05;1;9818417264;S
