<DATE>;<TIME>;<LAST>;<VOL>;<ID>;<OPER>
20240402;095939;570;1;10010511772;S
20240402;095939;570;2;10010511773;S
20240402;095939;570;1;10010511774;S
20240402;095939;570;3;10010511775;S
20240402;095939;570;1;10010511776;S
20240402;095939;570;14;10010511777;S
20240402;095939;570;10;10010511778;S
20240402;095939;570;7;10010511779;S
20240402;095939;570;3;10010511780;S
20240402;095939;570;3;10010511781;S
20240402;095939;570;9;10010511782;S
20240402;095939;570;2;10010511783;S
20240402;095939;570;1;10010511784;S
20240402;095939;570;2;10010511785;S
20240402;095939;570;5;10010511786;S
20240402;095939;570;1;10010511787;S
20240402;095939;570;22;10010511788;S
20240402;095939;570;19;10010511789;S
20240402;095939;570;3;10010511790;S
20240402;095939;570;3;10010511791;S
20240402;095939;570;3;10010511792;B
20240402;095939;570;2;10010511793;B
20240402;095939;570;20;10010511794;S
20240402;095939;570;3;10010511795;B
20240402;095939;570;23;10010511796;B
20240402;095939;570;3;10010511797;S
20240402;095939;570;1;10010511798;S
20240402;095939;570;48;10010511799;S
20240402;095939;570;2;10010511800;S
20240402;095939;570;89;10010511801;S
20240402;095939;570;3;10010511802;S
20240402;095939;570;10;10010511803;S
20240402;095939;570;25;10010511804;S
20240402;095939;570;12;10010511805;S
20240402;095939;570;5;10010511806;S
20240402;095939;570;4;10010511807;S
20240402;095939;570;51;10010511808;S
20240402;095939;570;1;10010511809;S
20240402;095939;570;1;10010511810;S
20240402;095939;570;1;10010511811;S
20240402;095939;570;1;10010511812;S
20240402;095939;570;1;10010511813;S
20240402;095939;570;8;10010511814;S
20240402;095939;570;5;10010511815;S
20240402;095939;570;200;10010511816;S
20240402;095939;570;200;10010511817;S
20240402;095939;570;50;10010511818;S
20240402;095939;570;1;10010511819;S
20240402;095939;570;1;10010511820;S
20240402;095939;570;56;10010511821;S
20240402;095939;570;6;10010511822;B
20240402;095939;570;1;10010511823;B
20240402;095939;570;1;10010511824;B
20240402;095939;570;1;10010511825;B
20240402;095939;570;20;10010511826;B
20240402;095939;570;1;10010511827;B
20240402;095939;570;1;10010511828;S
20240402;095939;570;7;10010511829;B
20240402;095939;570;1;10010511830;B
20240402;095939;570;2;10010511831;B
20240402;095939;570;1;10010511832;B
20240402;095939;570;1;10010511833;B
20240402;095939;570;1;10010511834;B
20240402;095939;570;1;10010511835;B
20240402;095939;570;1;10010511836;B
20240402;095939;570;1;10010511837;B
20240402;095939;570;13;10010511838;B
20240402;095939;570;2;10010511839;B
20240402;095939;570;1;10010511840;B
20240402;095939;570;1;10010511841;B
20240402;095939;570;1;10010511842;B
20240402;095939;570;1;10010511843;B
20240402;095939;570;1;10010511844;B
20240402;095939;570;2;10010511845;B
20240402;095939;570;1;10010511846;B
20240402;095939;570;1;10010511847;B
20240402;095939;570;3;10010511848;B
20240402;095939;570;2;10010511849;B
20240402;095939;570;1;10010511850;B
20240402;095939;570;2;10010511851;B
20240402;095939;570;1;10010511852;B
20240402;095939;570;1;10010511853;B
20240402;095939;570;2;10010511854;B
20240402;095939;570;2;10010511855;B
20240402;095939;570;2;10010511856;B
20240402;095939;570;1;10010511857;B
20240402;095939;570;1;10010511858;B
20240402;095939;570;1;10010511859;B
20240402;095939;570;1;10010511860;B
20240402;095939;570;2;10010511861;B
20240402;095939;570;1;10010511862;B
20240402;095939;570;5;10010511863;B
20240402;095939;570;1;10010511864;B
20240402;095939;570;5;10010511865;B
20240402;095939;570;1;10010511866;B
20240402;095939;570;1;10010511867;B
20240402;095939;570;1;10010511868;B
20240402;095939;570;3;10010511869;B
20240402;095939;570;2;10010511870;B
20240402;095939;570;2;10010511871;B
20240402;095939;570;1;10010511872;B
20240402;095939;570;5;10010511873;B
20240402;095939;570;140;10010511874;B
20240402;095939;570;1;10010511875;B
20240402;095939;570;1;10010511876;B
20240402;095939;570;2;10010511877;B
20240402;095939;570;2;10010511878;B
20240402;095939;570;1;10010511879;B
20240402;095939;570;20;10010511880;B
20240402;095939;570;15;10010511881;B
20240402;095939;570;2;10010511882;B
20240402;095939;570;2;10010511883;B
20240402;095939;570;2;10010511884;B
20240402;095939;570;2;10010511885;B
20240402;095939;570;2;10010511886;B
20240402;095939;570;3;10010511887;B
20240402;095939;570;5;10010511888;B
20240402;095939;570;5;10010511889;B
20240402;095939;570;3;10010511890;B
20240402;095939;570;2;10010511891;B
20240402;095939;570;10;10010511892;B
20240402;095939;570;3;10010511893;B
20240402;095939;570;72;10010511894;B
20240402;095939;570;15;10010511895;B
20240402;095939;570;263;10010511896;B
20240402;095939;570;1;10010511897;B
20240402;095939;570;600;10010511898;B
20240402;095939;570;1;10010511899;B
20240402;095939;570;1;10010511900;B
20240402;095939;570;32;10010511901;B
20240402;095939;570;20;10010511902;B
20240402;095939;570;300;10010511903;B
20240402;095939;570;50;10010511904;B
20240402;095939;570;11;10010511905;B
20240402;095939;570;1;10010511906;B
20240402;095939;570;28;10010511907;B
20240402;095939;570;1692;10010511908;B
20240402;095939;570;30;10010511909;B
20240402;095939;570;1;10010511910;B
20240402;095939;570;15;10010511911;B
20240402;095939;570;3;10010511912;S
20240402;095939;570;1;10010511913;B
20240402;095939;570;231;10010511914;B
20240402;095939;570;20;10010511915;B
20240402;095939;570;40;10010511916;B
20240402;095939;570;3;10010511917;B
20240402;095939;570;100;10010511918;S
20240402;095939;570;1;10010511919;B
20240402;095939;570;1;10010511920;B
20240402;095939;570;1;10010511921;B
20240402;095939;570;13446;10010511922;B
20240402;095939;570;3;10010511923;B
20240402;095939;570;29;10010511924;B
20240402;095939;570;40;10010511925;B
20240402;095939;570;3;10010511926;B
20240402;095939;570;3;10010511927;B
20240402;095939;570;1;10010511928;B
20240402;095939;570;500;10010511929;S
20240402;100000;570.05;10;10010517386;B
20240402;100000;570.05;3;10010517387;B
20240402;100000;570.05;1;10010517388;B
20240402;100000;570.1;5;10010517389;B
20240402;100000;570.2;100;10010517524;B
20240402;100000;570.2;95;10010517558;B
20240402;100000;570.25;81;10010517649;B
20240402;100000;570.25;14;10010518078;B
20240402;100000;570.25;450;10010518128;B
20240402;100001;570.25;2;10010518896;B
20240402;100002;570.25;40;10010520176;B
20240402;100004;570.2;5;10010521011;S
20240402;100004;570.2;100;10010521012;S
20240402;100004;570.2;100;10010521013;S
20240402;100004;570.2;335;10010521014;S
20240402;100004;570.25;199;10010521196;B
20240402;100004;570.25;1;10010521392;B
20240402;100004;570.2;2;10010521599;S
20240402;100004;570.25;3;10010521731;B
20240402;100004;570.25;1;10010521733;B
20240402;100004;570.2;2;10010521734;S
20240402;100004;570.2;4;10010521735;S
20240402;100004;570.25;1;10010521740;B
20240402;100004;570.25;1;10010521741;B
20240402;100004;570.25;1;10010521745;B
20240402;100004;570.25;1;10010521746;B
20240402;100004;570.2;2;10010521749;S
20240402;100004;570.2;2;10010521750;S
20240402;100004;570.2;1;10010521752;S
20240402;100004;570.25;1;10010521753;B
20240402;100004;570.2;1;10010521754;S
20240402;100004;570.25;50;10010521755;B
20240402;100004;570.25;1;10010521757;B
20240402;100004;570.25;1;10010521869;B
20240402;100004;570.2;28;10010521870;S
20240402;100004;570.2;4;10010521871;S
20240402;100004;570.2;1;10010521872;S
20240402;100004;570.2;2;10010521873;S
20240402;100004;570.2;1;10010521874;S
20240402;100004;570.2;2;10010521877;S
20240402;100005;570.2;1;10010522207;S
20240402;100005;570.25;8;10010522223;B
20240402;100005;570.25;1;10010522225;B
20240402;100005;570.25;6;10010522236;B
20240402;100005;570.25;1;10010522241;B
20240402;100005;570.2;6;10010522308;S
20240402;100005;570.2;19;10010522494;S
20240402;100005;570.25;2;10010522618;B
20240402;100005;570.25;1;10010522625;B
20240402;100005;570.25;1;10010522643;B
20240402;100005;570.2;1;10010522649;S
20240402;100005;570.2;2;10010522651;S
20240402;100005;570.25;2;10010522654;B
20240402;100005;570.2;2;10010522656;S
20240402;100005;570.2;1;10010522658;S
20240402;100005;570.25;15;10010522660;B
20240402;100005;570.25;4;10010522664;B
20240402;100005;570.25;5;10010522666;B
20240402;100005;570.2;2;10010522668;S
20240402;100005;570.25;1;10010522927;B
20240402;100005;570.25;4;10010522931;B
20240402;100005;570.25;1;10010522933;B
20240402;100005;570.25;1;10010522935;B
20240402;100005;570.25;1;10010522938;B
20240402;100005;570.25;2;10010522939;B
20240402;100005;570.25;3;10010523310;B
20240402;100005;570.25;1;10010523311;B
20240402;100005;570.25;1;10010523312;B
20240402;100005;570.25;1;10010523313;B
20240402;100005;570.2;2;10010523314;S
20240402;100006;570.25;1;10010523821;B
20240402;100006;570.25;11;10010523822;B
20240402;100006;570.2;10;10010523824;S
20240402;100006;570.25;10;10010523825;B
20240402;100006;570.25;1;10010523826;B
20240402;100006;570.25;1;10010523827;B
20240402;100006;570.2;9;10010523829;S
20240402;100006;570.25;1;10010523830;B
20240402;100006;570.25;1;10010523831;B
20240402;100006;570.2;20;10010524003;B
20240402;100006;570.15;6;10010524004;S
20240402;100006;570.25;9;10010524224;B
20240402;100006;570.25;1;10010524226;B
20240402;100006;570.15;1;10010524227;S
20240402;100006;570.15;10;10010524641;S
20240402;100006;570.25;1;10010524642;B
20240402;100006;570.25;1;10010524644;B
20240402;100006;570.15;2;10010524645;S
20240402;100006;570.25;1;10010524646;B
20240402;100006;570.25;3;10010524647;B
20240402;100006;570.15;2;10010524651;S
20240402;100006;570.15;2;10010524652;S
20240402;100006;570.15;1;10010524653;S
20240402;100006;570.25;10;10010524655;B
20240402;100006;570.15;1;10010524656;S
20240402;100006;570.15;1;10010524657;S
20240402;100006;570.15;1;10010524658;S
20240402;100006;570.25;20;10010524785;B
20240402;100007;570.15;1;10010525003;S
20240402;100007;570.15;3;10010525011;S
20240402;100007;570.25;1;10010525017;B
20240402;100007;570.25;6;10010525020;B
20240402;100007;570.15;2;10010525024;S
20240402;100007;570.15;2;10010525027;S
20240402;100007;570.15;2;10010525030;S
20240402;100007;570.25;9;10010525033;B
20240402;100007;570.15;2;10010525073;S
20240402;100007;570.15;2;10010525076;S
20240402;100007;570.25;1;10010525225;B
20240402;100007;570.15;1;10010525227;S
20240402;100007;570.15;3;10010525231;S
20240402;100007;570.25;1;10010525235;B
20240402;100007;570.15;7;10010525240;S
20240402;100007;570.25;1;10010525245;B
20240402;100007;570.15;2;10010525247;S
20240402;100007;570.25;2;10010525253;B
20240402;100007;570.25;2;10010525259;B
20240402;100007;570.25;15;10010525266;B
20240402;100007;570.25;1;10010525275;B
20240402;100007;570.25;2;10010525280;B
20240402;100007;570.15;2;10010525284;S
20240402;100007;570.25;17;10010525296;B
20240402;100007;570.25;1;10010525302;B
20240402;100007;570.25;1;10010525480;B
20240402;100007;570.25;2;10010525485;B
20240402;100007;570.25;46;10010525486;B
20240402;100007;570.15;2;10010525490;S
20240402;100007;570.15;1;10010525492;S
20240402;100007;570.15;2;10010525496;S
20240402;100007;570.25;1;10010525498;B
20240402;100007;570.25;1;10010525500;B
20240402;100007;570.15;1;10010525501;S
20240402;100007;570.25;5;10010525503;B
20240402;100007;570.15;2;10010525504;S
20240402;100007;570.25;1;10010525506;B
20240402;100007;570.15;2;10010525507;S
20240402;100007;570.25;1;10010525510;B
20240402;100007;570.25;5;10010525512;B
20240402;100007;570.25;1;10010525514;B
20240402;100007;570.15;1;10010525515;S
20240402;100007;570.25;2;10010525517;B
20240402;100007;570.15;1;10010525519;S
20240402;100007;570.25;1;10010525520;B
20240402;100007;570.25;1;10010525522;B
20240402;100007;570.15;1;10010525524;S
20240402;100007;570.25;2;10010525525;B
20240402;100007;570.2;2;10010525528;S
20240402;100007;570.25;6;10010525529;B
20240402;100007;570.25;8;10010525535;B
20240402;100007;570.2;2;10010525539;S
20240402;100007;570.2;2;10010525543;S
20240402;100007;570.25;59;10010525839;B
20240402;100007;570.25;1;10010526086;B
20240402;100007;570.25;1;10010526090;B
20240402;100007;570.25;1;10010526092;B
20240402;100007;570.25;4;10010526098;B
20240402;100007;570.25;2;10010526100;B
20240402;100007;570.25;1;10010526108;B
20240402;100007;570.25;1;10010526112;B
20240402;100007;570.2;35;10010526116;S
20240402;100007;570.2;2;10010526119;S
20240402;100007;570.25;2;10010526125;B
20240402;100007;570.25;1;10010526128;B
20240402;100007;570.25;1;10010526129;B
20240402;100007;570.2;1;10010526293;S
20240402;100007;570.25;1;10010526294;B
20240402;100007;570.2;2;10010526295;S
20240402;100007;570.25;1;10010526296;B
20240402;100007;570.2;2;10010526297;S
20240402;100007;570.2;95;10010526298;S
20240402;100007;570.15;1;10010526299;S
20240402;100007;570.15;100;10010526300;S
20240402;100007;570.15;1;10010526301;S
20240402;100008;570.1;2;10010527058;S
20240402;100008;570.1;2;10010527060;S
20240402;100008;570.25;1;10010527063;B
20240402;100008;570.1;2;10010527070;S
20240402;100008;570.25;15;10010527072;B
20240402;100008;570.25;45;10010527073;B
20240402;100008;570.1;1;10010527079;S
20240402;100008;570.1;2;10010527242;S
20240402;100008;570.25;1;10010527244;B
20240402;100008;570.25;18;10010527247;B
20240402;100008;570.1;2;10010527249;S
20240402;100008;570.1;2;10010527251;S
20240402;100008;570.25;1;10010527253;B
20240402;100008;570.25;1;10010527257;B
20240402;100008;570.1;12;10010527348;S
20240402;100008;570.25;1;10010527439;B
20240402;100008;570.25;1;10010527446;B
20240402;100008;570.1;2;10010527449;S
20240402;100008;570.25;2;10010527453;B
20240402;100008;570.25;1;10010527457;B
20240402;100008;570.25;5;10010527910;B
20240402;100008;570.25;1;10010527912;B
20240402;100008;570.25;1;10010527915;B
20240402;100008;570.25;1;10010527917;B
20240402;100008;570.25;2;10010527920;B
20240402;100008;570.25;2;10010527922;B
20240402;100008;570.25;1;10010527925;B
20240402;100008;570.1;19;10010527929;S
20240402;100008;570.1;1;10010527932;S
20240402;100008;570.1;2;10010527935;S
20240402;100008;570.25;2;10010527937;B
20240402;100008;570.2;2;10010527939;S
20240402;100008;570.2;2;10010527941;S
20240402;100008;570.2;1;10010527942;S
20240402;100008;570.2;2;10010527943;S
20240402;100008;570.25;1;10010527945;B
20240402;100008;570.25;1;10010527947;B
20240402;100008;570.2;2;10010527950;S
20240402;100008;570.2;2;10010527953;S
20240402;100008;570.2;2;10010527961;S
20240402;100008;570.2;1;10010527965;S
20240402;100008;570.2;1;10010527968;S
20240402;100008;570.25;2;10010527972;B
20240402;100008;570.25;10;10010527975;B
20240402;100008;570.2;84;10010527977;S
20240402;100008;570.2;1;10010528132;S
20240402;100008;570.2;1;10010528134;S
20240402;100008;570.2;2;10010528136;S
20240402;100008;570.25;1;10010528142;B
20240402;100008;570.2;1;10010528147;S
20240402;100008;570.25;1;10010528150;B
20240402;100008;570.2;1;10010528153;S
20240402;100008;570.2;20;10010528159;S
20240402;100008;570.2;2;10010528162;S
20240402;100008;570.25;1;10010528166;B
20240402;100008;570.25;1;10010528170;B
20240402;100008;570.2;2;10010528173;S
20240402;100008;570.25;2;10010528223;B
20240402;100009;570.25;2;10010528396;B
20240402;100009;570.25;1;10010528397;B
20240402;100009;570.25;10;10010528398;B
20240402;100009;570.2;12;10010528399;S
20240402;100009;570.25;1;10010528400;B
20240402;100009;570.25;1;10010528401;B
20240402;100009;570.25;1;10010528402;B
20240402;100009;570.2;2;10010528403;S
20240402;100009;570.2;1;10010528404;S
20240402;100009;570.2;3;10010528405;S
20240402;100009;570.25;1;10010528406;B
20240402;100009;570.3;1;10010528825;B
20240402;100009;570.3;435;10010528826;B
20240402;100010;570.3;77;10010529089;B
20240402;100010;570.3;56;10010529121;B
20240402;100010;570.3;116;10010529154;B
20240402;100010;570.3;111;10010529158;B
20240402;100010;570.2;32;10010529273;S
20240402;100010;570.3;56;10010529327;B
20240402;100011;570.2;20;10010529417;S
20240402;100011;570.3;2149;10010529483;B
20240402;100011;570.3;150;10010529484;B
20240402;100011;570.3;77;10010529485;B
20240402;100011;570.3;394;10010529486;B
20240402;100011;570.3;1;10010529493;S
20240402;100011;570.4;2;10010529565;B
20240402;100011;570.45;3;10010529566;B
20240402;100011;570.3;1;10010529662;S
20240402;100011;570.45;11;10010529683;B
20240402;100011;570.45;7;10010529769;B
20240402;100011;570.45;12;10010529826;B
20240402;100012;570.45;3;10010529847;B
20240402;100012;570.45;25;10010529848;B
20240402;100012;570.4;100;10010529898;S
20240402;100013;570.5;7;10010530261;B
20240402;100013;570.55;1;10010530262;B
20240402;100013;570.65;226;10010530263;B
20240402;100013;570.65;500;10010530264;B
20240402;100013;570.65;10;10010530347;B
20240402;100014;570.5;4;10010530480;B
20240402;100014;570.5;60;10010530528;B
20240402;100014;570.5;100;10010530572;B
20240402;100015;570.5;36;10010530944;B
20240402;100015;570.5;64;10010530945;B
20240402;100016;570.6;50;10010531210;B
20240402;100016;570.6;177;10010531254;B
20240402;100017;570.6;167;10010531450;B
20240402;100017;570.6;33;10010531451;B
20240402;100017;570.45;3;10010531629;S
20240402;100019;570.6;3;10010532099;B
20240402;100019;570.65;8;10010532100;B
20240402;100019;570.65;5;10010532140;B
20240402;100019;570.65;10;10010532205;B
20240402;100020;570.6;1;10010532333;B
20240402;100021;570.6;5;10010532582;B
20240402;100021;570.6;1;10010532598;B
20240402;100021;570.6;4;10010532662;B
20240402;100021;570.6;10;10010532670;B
20240402;100022;570.55;76;10010532997;B
20240402;100022;570.6;119;10010532998;B
20240402;100022;570.65;33;10010532999;B
20240402;100022;570.65;140;10010533000;B
20240402;100022;570.7;132;10010533001;B
20240402;100022;570.65;6;10010533117;B
20240402;100023;570.65;9;10010533164;B
20240402;100023;570.5;5;10010533201;S
20240402;100024;570.65;2;10010533494;B
20240402;100025;570.5;6;10010533770;S
20240402;100025;570.45;1;10010533839;S
20240402;100025;570.6;1;10010533898;B
20240402;100026;570.6;139;10010534177;B
20240402;100026;570.6;75;10010534178;B
20240402;100026;570.6;6;10010534179;B
20240402;100026;570.6;394;10010534180;B
20240402;100026;570.65;123;10010534181;B
20240402;100026;570.65;63;10010534182;B
20240402;100027;570.65;3;10010534242;B
20240402;100027;570.65;2;10010534359;B
20240402;100027;570.6;528;10010534404;S
20240402;100027;570.6;216;10010534405;S
20240402;100028;570.65;1;10010534606;B
20240402;100028;570.55;154;10010534637;S
20240402;100028;570.55;346;10010534638;S
20240402;100028;570.6;200;10010534783;B
20240402;100028;570.6;216;10010534784;B
20240402;100028;570.6;84;10010534785;B
20240402;100029;570.5;2;10010534825;S
20240402;100029;570.45;6;10010534826;S
20240402;100029;570.4;292;10010534827;S
20240402;100029;570.4;216;10010534828;S
20240402;100029;570.5;1;10010535070;B
20240402;100030;570.5;2;10010535309;B
20240402;100030;570.45;10;10010535349;S
20240402;100031;570.45;45;10010535695;S
20240402;100032;570.5;2;10010535963;B
20240402;100032;570.55;16;10010535964;B
20240402;100033;570.65;10;10010536039;B
20240402;100034;570.5;30;10010536552;S
20240402;100036;570.6;1;10010536931;B
20240402;100036;570.6;1;10010537031;B
20240402;100036;570.6;3;10010537086;B
20240402;100038;570.6;2;10010537576;B
20240402;100039;570.5;1;10010537996;S
20240402;100039;570.5;4;10010538038;S
20240402;100039;570.4;1;10010538180;S
20240402;100040;570.4;200;10010538463;S
20240402;100040;570.4;200;10010538594;S
20240402;100040;570.55;10;10010538657;B
20240402;100042;570.5;3;10010538957;S
20240402;100042;570.4;2;10010539025;S
20240402;100043;570.4;851;10010539344;S
20240402;100043;570.4;1462;10010539345;S
20240402;100043;570.4;1076;10010539346;S
20240402;100043;570.4;20;10010539347;S
20240402;100043;570.4;30;10010539348;S
20240402;100043;570.4;2;10010539349;S
20240402;100043;570.4;2;10010539350;S
20240402;100043;570.4;100;10010539351;S
20240402;100043;570.35;1;10010539434;B
20240402;100043;570.35;3;10010539519;B
20240402;100043;570.35;27;10010539622;B
20240402;100043;570.35;1;10010539712;B
20240402;100044;570.35;8;10010539875;B
20240402;100044;570.25;1;10010539972;S
20240402;100044;570.25;11;10010539973;S
20240402;100046;570.35;488;10010540613;B
20240402;100046;570.35;216;10010540614;B
20240402;100046;570.4;23;10010540615;B
20240402;100046;570.45;23;10010540616;B
20240402;100046;570.4;20;10010540779;B
20240402;100047;570.4;2;10010540860;B
20240402;100047;570.3;1;10010540963;S
20240402;100048;570.3;1;10010541288;S
20240402;100050;570.25;3;10010542306;S
20240402;100050;570.25;2;10010542325;S
20240402;100051;570.35;10;10010542586;B
20240402;100053;570.25;87;10010543162;S
20240402;100054;570.25;20;10010543532;S
20240402;100054;570.25;497;10010543533;S
20240402;100054;570.3;4;10010543705;B
20240402;100055;570.3;40;10010544165;B
20240402;100056;570.3;350;10010544262;B
20240402;100056;570.2;660;10010544264;S
20240402;100056;570.2;10;10010544265;S
20240402;100056;570.2;400;10010544266;S
20240402;100056;570.1;3;10010544327;S
20240402;100056;570.1;1;10010544370;S
20240402;100058;570.1;1;10010545029;S
20240402;100058;570.2;2;10010545342;B
20240402;100058;570.25;148;10010545343;B
20240402;100059;570.2;4;10010545520;B
20240402;100059;570.2;2;10010545614;B
20240402;100100;570.1;500;10010545895;S
20240402;100100;570.05;216;10010545896;S
20240402;100100;570;3251;10010545897;S
20240402;100100;570;10;10010545898;S
20240402;100100;570;10;10010545899;S
20240402;100100;570;100;10010545900;S
20240402;100100;570;100;10010545901;S
20240402;100100;570;5;10010545902;S
20240402;100100;570;4;10010545903;S
20240402;100100;570;1;10010545904;S
20240402;100100;570;35;10010545905;S
20240402;100100;570;76;10010545906;S
20240402;100100;569.9;88;10010545907;S
20240402;100100;569.9;104;10010545908;S
20240402;100100;569.9;10;10010546016;B
20240402;100100;569.9;2;10010546072;B
20240402;100100;569.9;23;10010546132;B
20240402;100101;569.9;24;10010546243;B
20240402;100101;569.9;157;10010546387;B
20240402;100101;569.9;75;10010546388;B
20240402;100101;569.95;168;10010546389;B
20240402;100102;569.9;1;10010546736;B
20240402;100102;569.9;17;10010546759;B
20240402;100102;569.9;1;10010546786;B
20240402;100103;569.95;360;10010547062;B
20240402;100103;569.95;35;10010547063;B
20240402;100103;569.95;216;10010547064;B
20240402;100103;570;1;10010547065;B
20240402;100104;569.95;5;10010547213;B
20240402;100104;570;73;10010547214;B
20240402;100104;570;100;10010547215;B
20240402;100105;569.85;406;10010547678;B
20240402;100105;569.85;9;10010547754;B
20240402;100105;569.85;20;10010547785;B
20240402;100106;569.8;3;10010548066;S
20240402;100106;569.7;2;10010548067;S
20240402;100106;569.7;140;10010548068;S
20240402;100106;569.7;73;10010548069;S
20240402;100106;569.7;35;10010548070;S
20240402;100106;569.65;140;10010548071;S
20240402;100106;569.65;216;10010548072;S
20240402;100106;569.6;140;10010548073;S
20240402;100106;569.55;30;10010548074;S
20240402;100106;569.55;24;10010548075;B
20240402;100106;569.55;29;10010548076;B
20240402;100106;569.55;100;10010548077;B
20240402;100106;569.55;100;10010548080;B
20240402;100106;569.55;200;10010548081;B
20240402;100106;569.55;100;10010548082;B
20240402;100106;569.55;168;10010548083;B
20240402;100106;569.65;100;10010548240;S
20240402;100109;569.7;2;10010549103;S
20240402;100109;569.7;216;10010549104;S
20240402;100109;569.7;73;10010549105;S
20240402;100109;569.65;140;10010549106;S
20240402;100109;569.6;140;10010549107;S
20240402;100109;569.6;500;10010549108;S
20240402;100109;569.6;35;10010549109;S
20240402;100109;569.55;332;10010549110;S
20240402;100109;569.55;400;10010549111;S
20240402;100109;569.55;100;10010549112;S
20240402;100109;569.55;140;10010549113;S
20240402;100109;569.5;500;10010549116;S
20240402;100109;569.5;6;10010549234;S
20240402;100109;569.55;20;10010549295;B
20240402;100110;569.55;99;10010549432;B
20240402;100111;569.5;14;10010549620;S
20240402;100111;569.55;17;10010549719;B
20240402;100113;569.5;120;10010550131;S
20240402;100113;569.5;50;10010550132;S
20240402;100113;569.5;15;10010550133;S
20240402;100113;569.5;140;10010550134;S
20240402;100113;569.5;500;10010550135;S
20240402;100113;569.45;140;10010550136;S
20240402;100113;569.45;73;10010550137;S
20240402;100113;569.45;40;10010550138;S
20240402;100113;569.4;140;10010550139;S
20240402;100113;569.4;216;10010550140;S
20240402;100113;569.4;395;10010550141;S
20240402;100113;569.2;35;10010550142;S
20240402;100113;569.15;136;10010550143;S
20240402;100114;569.5;3;10010550460;B
20240402;100115;569.5;30;10010550719;B
20240402;100115;569.5;3;10010550823;B
20240402;100115;569.5;60;10010550824;B
20240402;100116;569.5;156;10010550851;B
20240402;100116;569.5;77;10010550852;B
20240402;100116;569.55;767;10010550853;B
20240402;100117;569.5;2;10010551298;S
20240402;100118;569.55;5;10010551553;B
20240402;100119;569.55;194;10010551782;B
20240402;100119;569.5;1;10010551801;S
20240402;100119;569.45;216;10010551802;S
20240402;100119;569.45;140;10010551803;S
20240402;100119;569.45;76;10010551804;S
20240402;100119;569.4;140;10010551805;S
20240402;100119;569.35;140;10010551806;S
20240402;100119;569.25;287;10010551807;S
20240402;100119;569.45;20;10010551862;B
20240402;100120;569.5;4;10010552190;B
20240402;100120;569.45;25;10010552210;S
20240402;100121;569.5;6;10010552491;B
20240402;100123;569.5;50;10010553292;B
20240402;100124;569.5;444;10010553437;B
20240402;100124;569.5;2;10010553438;B
20240402;100124;569.5;482;10010553439;B
20240402;100124;569.5;1;10010553444;B
20240402;100124;569.5;100;10010553515;B
20240402;100125;569.5;12;10010553652;B
20240402;100125;569.5;11;10010553754;B
20240402;100126;569.45;25;10010554063;S
20240402;100127;569.5;2;10010554152;B
20240402;100127;569.5;8;10010554170;B
20240402;100128;569.45;216;10010554349;S
20240402;100128;569.45;528;10010554350;S
20240402;100128;569.4;2;10010554351;S
20240402;100128;569.4;1844;10010554352;S
20240402;100128;569.4;140;10010554353;S
20240402;100129;569.5;259;10010554519;B
20240402;100129;569.5;75;10010554520;B
20240402;100129;569.55;35;10010554521;B
20240402;100129;569.65;216;10010554522;B
20240402;100129;569.75;6;10010554523;B
20240402;100129;569.55;35;10010554657;S
20240402;100129;569.55;415;10010554658;S
20240402;100130;569.7;14;10010554794;B
20240402;100131;569.75;19;10010555031;B
20240402;100132;569.55;1;10010555345;S
20240402;100132;569.55;39;10010555346;S
20240402;100132;569.6;35;10010555504;S
20240402;100132;569.55;2;10010555505;S
20240402;100132;569.55;500;10010555506;S
20240402;100132;569.5;216;10010555507;S
20240402;100132;569.5;147;10010555556;B
20240402;100132;569.5;500;10010555557;S
20240402;100133;569.5;5;10010556053;S
20240402;100135;569.7;35;10010557080;B
20240402;100135;569.7;26;10010557081;B
20240402;100136;569.75;2;10010557336;B
20240402;100136;569.75;14;10010557371;B
20240402;100137;569.85;59;10010557629;B
20240402;100138;569.85;30;10010557984;B
20240402;100138;569.85;175;10010558193;B
20240402;100139;569.85;1;10010558216;B
20240402;100139;569.85;4;10010558352;B
20240402;100140;569.85;12;10010558434;B
20240402;100142;569.85;1;10010558803;B
20240402;100142;569.8;4;10010558966;B
20240402;100144;569.8;50;10010559382;B
20240402;100145;569.8;1;10010559600;B
20240402;100146;569.8;5;10010559952;B
20240402;100147;569.8;27;10010560459;B
20240402;100148;569.75;25;10010560535;S
20240402;100148;569.8;35;10010560546;B
20240402;100148;569.8;1;10010560620;B
20240402;100148;569.75;2;10010560721;S
20240402;100150;569.75;9;10010561224;S
20240402;100150;569.75;1;10010561225;S
20240402;100151;569.75;1;10010561861;B
20240402;100151;569.75;39;10010561864;B
20240402;100151;569.85;783;10010561865;B
20240402;100151;569.85;72;10010561866;B
20240402;100151;569.9;140;10010561867;B
20240402;100151;569.9;216;10010561868;B
20240402;100151;569.95;140;10010561869;B
20240402;100151;569.95;394;10010561870;B
20240402;100151;570;200;10010561871;B
20240402;100151;570;140;10010561872;B
20240402;100151;570;1;10010561873;B
20240402;100151;570;10;10010561874;B
20240402;100151;570.05;216;10010561875;S
20240402;100151;570.05;35;10010561876;S
20240402;100151;570;249;10010561877;S
20240402;100152;570.2;1;10010561951;B
20240402;100152;570.1;7;10010562083;S
20240402;100152;570.1;1;10010562145;S
20240402;100152;570.2;2;10010562173;B
20240402;100153;570.2;3;10010562393;B
20240402;100154;570.1;208;10010562488;S
20240402;100154;570.15;1;10010562549;B
20240402;100156;570.05;500;10010562929;S
20240402;100156;570.05;28;10010562930;S
20240402;100156;570;151;10010562931;S
20240402;100156;570;128;10010562932;S
20240402;100156;570;1947;10010562933;S
20240402;100156;570;10;10010562934;S
20240402;100156;569.85;26;10010562935;S
20240402;100156;569.85;274;10010562936;S
20240402;100156;569.95;72;10010562937;B
20240402;100156;569.95;216;10010562938;B
20240402;100156;569.85;254;10010562949;S
20240402;100156;569.85;13;10010562950;S
20240402;100156;569.8;80;10010562992;S
20240402;100157;569.85;33;10010563232;B
20240402;100157;569.85;216;10010563233;B
20240402;100157;569.95;35;10010563234;B
20240402;100157;569.95;72;10010563235;B
20240402;100157;570.05;394;10010563236;B
20240402;100157;570.05;140;10010563237;B
20240402;100157;570.1;10;10010563238;B
20240402;100158;569.85;2;10010563413;S
20240402;100159;570;1;10010563588;B
20240402;100159;569.85;8;10010563657;S
20240402;100200;570;215;10010563781;B
20240402;100200;570;2;10010563782;B
20240402;100200;570;72;10010563783;B
20240402;100200;570;289;10010563786;S
20240402;100201;570;10;10010564116;B
20240402;100201;570;5;10010564206;B
20240402;100203;570;1;10010564505;B
20240402;100203;570;10;10010564773;B
20240402;100204;570;1;10010564874;B
20240402;100205;570;43;10010565074;B
20240402;100207;569.9;6;10010565774;S
20240402;100207;569.9;44;10010565775;S
20240402;100208;570;15;10010566030;B
20240402;100208;570;1;10010566072;B
20240402;100209;569.9;2;10010566129;S
20240402;100210;569.9;3;10010566534;S
20240402;100210;569.9;2;10010566746;S
20240402;100210;569.85;2;10010566747;S
20240402;100211;569.9;2;10010566934;S
20240402;100211;569.9;3;10010566935;S
20240402;100211;570;40;10010566990;B
20240402;100211;569.9;1;10010567062;S
20240402;100213;570;1;10010567567;B
20240402;100214;570;3;10010567828;B
20240402;100216;570;81;10010568097;B
20240402;100216;570;8;10010568098;B
20240402;100216;570;100;10010568099;B
20240402;100216;570;61;10010568100;B
20240402;100217;570;1;10010568290;B
20240402;100218;569.9;408;10010568581;S
20240402;100218;569.9;216;10010568582;S
20240402;100218;569.85;98;10010568583;S
20240402;100218;569.85;28;10010568584;S
20240402;100218;569.85;5;10010568629;S
20240402;100219;569.85;2;10010568770;S
20240402;100219;569.9;9;10010568872;S
20240402;100220;569.9;74;10010569326;B
20240402;100221;569.9;150;10010569468;B
20240402;100221;569.9;16;10010569477;B
20240402;100221;569.9;130;10010569493;B
20240402;100222;569.9;18;10010569618;B
20240402;100223;569.9;2;10010569966;B
20240402;100223;569.9;1;10010569976;B
20240402;100224;570;1;10010570153;B
20240402;100225;570;37;10010570283;B
20240402;100225;570;100;10010570284;S
20240402;100225;570;2;10010570291;S
20240402;100225;570;61;10010570310;S
20240402;100225;570;39;10010570456;B
20240402;100225;570.05;61;10010570457;B
20240402;100227;570.05;1;10010570764;B
20240402;100227;570.05;1;10010570884;B
20240402;100228;570.05;23;10010571070;B
20240402;100229;570;4;10010571193;S
20240402;100229;570;9;10010571194;S
20240402;100229;569.95;1;10010571197;S
20240402;100229;570;10;10010571214;B
20240402;100229;569.9;5;10010571264;S
20240402;100231;570;77;10010571701;B
20240402;100232;570.05;14;10010571856;B
20240402;100232;570.05;67;10010571857;B
20240402;100232;570.1;72;10010571858;B
20240402;100232;570.1;1;10010571880;B
20240402;100235;570;67;10010572454;S
20240402;100235;570;8;10010572564;B
20240402;100237;569.9;1;10010572729;S
20240402;100237;570;1;10010572782;B
20240402;100238;570;4;10010572930;B
20240402;100238;570;1000;10010573006;B
20240402;100239;570;8;10010573168;B
20240402;100239;570;1;10010573316;B
20240402;100240;569.9;20;10010573384;S
20240402;100243;569.9;111;10010574024;S
20240402;100243;569.9;4;10010574025;S
20240402;100243;569.9;1;10010574026;S
20240402;100243;569.9;1;10010574027;S
20240402;100243;569.9;208;10010574028;S
20240402;100243;569.9;216;10010574029;S
20240402;100243;569.85;15;10010574031;S
20240402;100243;569.85;3;10010574032;S
20240402;100243;569.85;282;10010574033;S
20240402;100243;569.85;18;10010574034;S
20240402;100243;569.85;67;10010574035;S
20240402;100243;569.85;5;10010574036;S
20240402;100243;569.85;110;10010574037;S
20240402;100243;569.85;100;10010574038;S
20240402;100244;569.9;4;10010574342;B
20240402;100245;569.85;291;10010574542;S
20240402;100245;569.9;19;10010574583;B
20240402;100246;569.95;1;10010574895;B
20240402;100246;570;27;10010574923;B
20240402;100247;570;90;10010575009;B
20240402;100249;569.85;3;10010575414;S
20240402;100253;569.9;721;10010576428;S
20240402;100253;569.85;6;10010576429;S
20240402;100253;569.85;500;10010576430;S
20240402;100253;569.85;57;10010576431;S
20240402;100253;569.85;216;10010576432;S
20240402;100253;569.85;394;10010576433;S
20240402;100253;569.85;100;10010576434;S
20240402;100253;569.8;506;10010576435;S
20240402;100255;569.9;109;10010576966;B
20240402;100256;569.95;57;10010577238;B
20240402;100256;569.95;70;10010577239;B
20240402;100256;569.95;123;10010577240;B
20240402;100257;569.85;1;10010577406;S
20240402;100259;569.95;1;10010577966;B
20240402;100303;569.95;5;10010578719;B
20240402;100305;569.85;45;10010579360;S
20240402;100306;569.95;40;10010579603;B
20240402;100307;569.85;12;10010579808;S
20240402;100307;569.95;1;10010579918;B
20240402;100307;569.95;3;10010579921;B
20240402;100308;569.85;45;10010580031;S
20240402;100309;569.9;500;10010580208;S
20240402;100309;569.9;400;10010580209;S
20240402;100309;569.95;32;10010580242;B
20240402;100309;569.9;2;10010580309;S
20240402;100310;569.95;5;10010580548;B
20240402;100311;569.95;45;10010580687;B
20240402;100312;569.95;2;10010581029;B
20240402;100312;569.9;98;10010581072;S
20240402;100312;569.9;2;10010581073;S
20240402;100312;569.95;16;10010581144;B
20240402;100312;569.95;600;10010581145;B
20240402;100312;569.95;84;10010581146;S
20240402;100312;569.95;16;10010581147;S
20240402;100313;570;74;10010581225;B
20240402;100314;569.9;22;10010581445;S
20240402;100316;569.9;276;10010581825;S
20240402;100316;569.9;500;10010581826;S
20240402;100316;569.9;400;10010581827;S
20240402;100316;569.9;216;10010581828;S
20240402;100316;569.9;20;10010581829;S
20240402;100316;569.85;63;10010581830;S
20240402;100316;569.85;10;10010581831;S
20240402;100316;569.85;30;10010581832;S
20240402;100316;569.85;30;10010581833;S
20240402;100316;569.85;71;10010581834;S
20240402;100316;569.85;100;10010581835;S
20240402;100316;569.85;1;10010581836;S
20240402;100316;569.8;414;10010581837;S
20240402;100316;569.8;51;10010581838;S
20240402;100316;569.8;1000;10010581839;S
20240402;100316;569.8;62;10010581840;S
20240402;100316;569.75;2;10010581841;S
20240402;100316;569.75;8;10010581842;S
20240402;100316;569.7;17;10010581843;S
20240402;100316;569.7;394;10010581844;S
20240402;100316;569.65;609;10010581845;S
20240402;100316;569.85;200;10010581910;B
20240402;100317;569.85;55;10010582384;B
20240402;100317;569.9;216;10010582385;B
20240402;100317;569.95;72;10010582386;B
20240402;100317;570;220;10010582387;B
20240402;100317;570;100;10010582388;B
20240402;100317;570;100;10010582389;B
20240402;100317;570;9;10010582390;B
20240402;100317;570;80;10010582391;B
20240402;100317;570;141;10010582392;B
20240402;100317;570;1;10010582393;B
20240402;100317;570;10;10010582394;B
20240402;100317;570;147;10010582395;B
20240402;100318;569.95;7;10010582549;B
20240402;100318;570.05;100;10010582550;B
20240402;100318;570.05;71;10010582551;B
20240402;100318;570.1;140;10010582552;B
20240402;100318;570.1;182;10010582553;B
20240402;100318;570.1;1;10010582590;B
20240402;100325;570;2;10010584773;B
20240402;100326;570.05;1;10010584936;B
20240402;100326;569.9;60;10010584973;S
20240402;100328;570.15;140;10010585329;B
20240402;100328;570.15;100;10010585330;B
20240402;100328;570.15;216;10010585331;B
20240402;100328;570.15;71;10010585332;B
20240402;100328;570.2;140;10010585333;B
20240402;100328;570.2;100;10010585334;B
20240402;100328;570.2;107;10010585335;B
20240402;100328;570.2;10;10010585336;B
20240402;100328;570.2;19;10010585337;B
20240402;100332;569.9;1;10010586263;S
20240402;100332;569.9;26;10010586264;S
20240402;100332;570.05;1;10010586309;B
20240402;100332;570.15;394;10010586362;B
20240402;100332;570.15;216;10010586363;B
20240402;100332;570.2;140;10010586364;B
20240402;100332;570.25;150;10010586365;B
20240402;100332;570.2;140;10010586406;B
20240402;100332;570.2;360;10010586407;B
20240402;100333;570;2;10010586465;S
20240402;100334;570;52;10010586758;S
20240402;100334;570;8;10010586759;S
20240402;100335;569.95;50;10010587072;S
20240402;100336;570.05;27;10010587316;B
20240402;100337;570.05;8;10010587483;B
20240402;100337;570.15;2;10010587509;B
20240402;100337;570.15;8;10010587510;B
20240402;100338;570.2;9;10010587532;B
20240402;100338;570.2;3;10010587671;B
20240402;100340;570.1;13;10010588037;B
20240402;100340;570.1;1;10010588098;B
20240402;100341;570.1;1;10010588236;B
20240402;100341;570.1;1;10010588389;B
20240402;100342;570.05;15;10010588396;S
20240402;100344;570.05;6;10010588818;S
20240402;100344;570.05;2;10010588887;S
20240402;100345;570.1;1;10010588973;B
20240402;100345;570.1;21;10010588983;B
20240402;100345;570.05;36;10010588999;S
20240402;100345;570.1;1;10010589001;B
20240402;100345;570.1;2;10010589064;B
20240402;100345;570.1;29;10010589103;B
20240402;100345;570.1;203;10010589110;B
20240402;100346;570.05;25;10010589167;S
20240402;100346;570.1;10;10010589215;B
20240402;100349;570.1;4;10010589778;B
20240402;100349;570.1;4;10010589805;B
20240402;100349;570.1;60;10010589830;B
20240402;100349;570.05;1;10010589862;S
20240402;100349;570.1;5;10010589891;B
20240402;100349;570.1;4;10010589904;B
20240402;100350;570.1;1;10010590042;B
20240402;100350;570.1;9;10010590058;B
20240402;100350;570.1;1;10010590131;B
20240402;100352;570.05;36;10010590323;S
20240402;100352;570.05;38;10010590324;S
20240402;100356;570.1;2;10010591151;B
20240402;100356;570.05;1;10010591155;S
20240402;100356;570.1;100;10010591168;B
20240402;100356;570.1;8;10010591210;B
20240402;100356;570.1;20;10010591235;B
20240402;100356;570.1;10;10010591276;B
20240402;100357;570.05;13;10010591307;S
20240402;100357;570.05;164;10010591383;S
20240402;100357;570.05;5;10010591384;S
20240402;100357;570.05;1;10010591385;S
20240402;100357;570.05;17;10010591386;S
20240402;100357;570;135;10010591404;S
20240402;100358;570.05;165;10010591557;B
20240402;100358;570;28;10010591648;S
20240402;100359;570.05;2;10010591743;B
20240402;100359;570.05;50;10010591789;B
20240402;100401;570.05;12;10010592145;B
20240402;100404;570;6;10010592985;S
20240402;100404;570.05;1;10010592995;B
20240402;100404;570;37;10010593033;S
20240402;100404;570.05;50;10010593087;B
20240402;100405;570.05;10;10010593202;B
20240402;100405;570.05;2;10010593234;B
20240402;100406;570.05;10;10010593348;B
20240402;100406;570.05;6;10010593351;B
20240402;100406;570.05;1;10010593392;B
20240402;100408;570.05;1;10010593871;B
20240402;100409;570.05;4;10010594119;B
20240402;100409;570.05;1;10010594201;B
20240402;100411;570.05;1;10010594530;B
20240402;100411;570.05;2;10010594802;B
20240402;100412;570.05;18;10010594911;B
20240402;100414;570;45;10010595213;S
20240402;100414;570;14;10010595265;S
20240402;100414;570;735;10010595296;S
20240402;100414;570;350;10010595297;S
20240402;100414;570;68;10010595298;S
20240402;100414;570;100;10010595299;S
20240402;100414;570;1;10010595300;S
20240402;100414;570;10;10010595301;S
20240402;100414;570;216;10010595302;S
20240402;100414;570;5;10010595303;S
20240402;100414;570;1;10010595304;S
20240402;100414;570;1;10010595305;S
20240402;100414;569.9;30;10010595306;S
20240402;100414;569.9;5;10010595307;S
20240402;100414;569.9;1;10010595308;S
20240402;100414;569.9;33;10010595309;S
20240402;100414;569.9;400;10010595310;S
20240402;100415;569.95;55;10010595488;B
20240402;100415;569.95;176;10010595498;B
20240402;100415;569.95;9;10010595537;B
20240402;100418;569.95;1;10010596049;B
20240402;100419;569.85;50;10010596242;S
20240402;100419;569.85;1;10010596243;S
20240402;100419;569.85;1;10010596244;S
20240402;100419;569.8;1;10010596245;S
20240402;100419;569.8;2;10010596246;S
20240402;100419;569.7;1;10010596247;S
20240402;100419;569.7;911;10010596248;S
20240402;100419;569.65;391;10010596249;S
20240402;100419;569.65;142;10010596250;S
20240402;100419;569.55;96;10010596251;S
20240402;100420;569.5;4;10010596529;S
20240402;100421;569.55;1;10010596542;B
20240402;100421;569.55;2;10010596640;B
20240402;100421;569.55;4;10010596710;B
20240402;100422;569.55;5;10010596745;B
20240402;100422;569.55;67;10010596765;B
20240402;100422;569.5;1;10010596800;S
20240402;100422;569.55;5;10010596852;B
20240402;100422;569.55;20;10010596902;B
20240402;100423;569.65;2;10010597002;B
20240402;100424;569.55;50;10010597313;S
20240402;100425;569.75;42;10010597355;B
20240402;100425;569.8;28;10010597356;B
20240402;100427;569.55;2;10010597798;S
20240402;100429;569.75;1;10010598888;B
20240402;100429;569.55;10;10010599097;S
20240402;100430;569.75;9;10010599329;B
20240402;100430;569.75;28;10010599330;B
20240402;100430;569.75;2;10010599376;B
20240402;100431;569.55;100;10010599580;S
20240402;100431;569.75;50;10010599698;B
20240402;100431;569.8;40;10010599699;B
20240402;100432;569.55;54;10010599792;S
20240402;100432;569.55;42;10010599793;S
20240402;100432;569.55;104;10010599794;S
20240402;100432;569.75;42;10010600043;B
20240402;100432;569.75;8;10010600044;B
20240402;100432;569.8;5;10010600099;B
20240402;100433;569.8;18;10010600137;B
20240402;100433;569.8;100;10010600319;B
20240402;100433;569.6;100;10010600320;S
20240402;100434;569.9;140;10010600410;B
20240402;100434;569.85;2;10010600621;B
20240402;100435;569.6;80;10010600767;S
20240402;100435;569.65;2;10010600775;S
20240402;100436;569.75;10;10010600945;S
20240402;100438;569.7;2;10010601321;S
20240402;100441;569.85;2;10010602019;B
20240402;100442;569.7;10;10010602223;S
20240402;100443;569.7;382;10010602504;S
20240402;100443;569.65;68;10010602505;S
20240402;100443;569.65;43;10010602506;S
20240402;100443;569.6;36;10010602507;S
20240402;100443;569.6;1;10010602508;S
20240402;100443;569.6;67;10010602509;S
20240402;100443;569.6;191;10010602510;S
20240402;100443;569.6;200;10010602511;B
20240402;100443;569.6;100;10010602512;B
20240402;100443;569.6;300;10010602514;B
20240402;100443;569.6;458;10010602515;B
20240402;100443;569.6;10;10010602571;B
20240402;100443;569.55;2;10010602572;S
20240402;100444;569.6;2;10010602604;B
20240402;100444;569.55;3;10010602681;S
20240402;100444;569.6;1;10010602783;B
20240402;100445;569.55;67;10010602879;S
20240402;100445;569.55;1;10010602880;S
20240402;100445;569.55;102;10010602881;S
20240402;100445;569.55;100;10010602882;S
20240402;100445;569.55;50;10010602883;S
20240402;100445;569.55;6;10010602884;S
20240402;100445;569.55;35;10010602885;S
20240402;100445;569.55;216;10010602886;S
20240402;100445;569.5;343;10010602887;S
20240402;100445;569.5;300;10010602888;S
20240402;100445;569.5;1;10010602889;S
20240402;100445;569.5;4;10010602890;S
20240402;100445;569.5;1;10010602891;S
20240402;100445;569.5;50;10010602892;S
20240402;100445;569.5;50;10010602893;S
20240402;100445;569.5;30;10010602894;S
20240402;100445;569.5;10;10010602895;S
20240402;100445;569.5;1;10010602896;S
20240402;100445;569.5;67;10010602897;S
20240402;100445;569.5;1;10010602941;B
20240402;100445;569.5;1;10010602973;B
20240402;100445;569.5;13;10010603005;B
20240402;100445;569.5;4;10010603010;B
20240402;100445;569.5;5;10010603061;B
20240402;100445;569.5;1;10010603066;B
20240402;100446;569.5;1;10010603121;B
20240402;100446;569.5;50;10010603305;B
20240402;100446;569.5;11;10010603321;B
20240402;100446;569.45;2;10010603322;S
20240402;100446;569.45;5;10010603323;S
20240402;100446;569.5;1;10010603385;B
20240402;100446;569.5;2;10010603465;B
20240402;100446;569.5;3;10010603497;B
20240402;100447;569.45;4;10010603542;S
20240402;100448;569.5;6;10010603746;B
20240402;100449;569.45;4;10010604175;S
20240402;100449;569.45;6;10010604176;S
20240402;100450;569.5;8;10010604343;B
20240402;100451;569.5;5;10010604487;B
20240402;100452;569.5;9;10010604721;B
20240402;100453;569.5;1;10010604889;B
20240402;100453;569.5;20;10010605026;B
20240402;100453;569.4;50;10010605048;S
20240402;100453;569.5;1;10010605082;B
20240402;100455;569.5;5;10010605524;B
20240402;100455;569.5;5;10010605617;B
20240402;100457;569.5;180;10010606065;B
20240402;100458;569.5;1;10010606401;B
20240402;100500;569.5;60;10010606864;B
20240402;100501;569.55;66;10010607022;B
20240402;100501;569.6;123;10010607023;B
20240402;100501;569.6;2;10010607031;B
20240402;100502;569.6;2;10010607342;B
20240402;100503;569.6;14;10010607676;B
20240402;100503;569.6;44;10010607677;B
20240402;100504;569.8;7;10010607851;B
20240402;100504;569.8;66;10010607852;B
20240402;100504;569.9;140;10010607853;B
20240402;100504;569.95;140;10010607854;B
20240402;100504;569.95;170;10010607855;B
20240402;100507;569.9;1;10010608740;B
20240402;100507;569.95;1;10010608764;B
20240402;100508;569.75;1;10010608842;S
20240402;100510;569.9;1;10010609440;B
20240402;100510;569.9;9;10010609441;B
20240402;100511;569.8;1;10010609753;S
20240402;100511;569.8;12;10010609754;S
20240402;100513;569.9;9;10010610086;B
20240402;100515;569.95;1;10010610648;B
20240402;100516;569.8;19;10010611008;S
20240402;100517;569.9;65;10010611094;B
20240402;100517;569.95;128;10010611095;B
20240402;100517;569.95;97;10010611096;B
20240402;100517;569.95;1;10010611182;B
20240402;100519;569.9;1;10010611526;B
20240402;100520;569.95;9;10010611813;B
20240402;100521;569.8;369;10010611963;S
20240402;100521;569.8;35;10010611964;S
20240402;100521;569.7;64;10010611965;S
20240402;100521;569.65;32;10010611966;S
20240402;100521;569.65;2;10010611969;S
20240402;100521;569.85;1;10010612054;B
20240402;100522;569.85;200;10010612315;B
20240402;100524;569.8;4;10010612873;B
20240402;100524;569.85;15;10010612874;B
20240402;100524;569.9;35;10010612875;B
20240402;100524;569.9;64;10010612876;B
20240402;100524;569.95;33;10010612877;B
20240402;100524;569.95;136;10010612878;B
20240402;100524;569.95;173;10010612879;B
20240402;100524;569.65;33;10010612938;S
20240402;100524;569.65;140;10010612939;S
20240402;100525;569.9;2;10010613084;B
20240402;100525;569.9;1;10010613085;B
20240402;100525;569.95;197;10010613086;B
20240402;100527;569.8;2;10010613514;S
20240402;100527;569.7;216;10010613515;S
20240402;100527;569.7;15;10010613516;S
20240402;100528;569.85;6;10010613564;B
20240402;100528;569.6;1;10010613617;S
20240402;100528;569.85;3;10010613697;B
20240402;100528;569.9;33;10010613698;B
20240402;100528;569.9;48;10010613699;B
20240402;100528;569.7;216;10010613705;S
20240402;100529;569.7;55;10010613971;B
20240402;100529;569.7;2;10010613972;B
20240402;100529;569.65;10;10010614002;S
20240402;100532;569.7;1;10010614439;B
20240402;100535;569.7;1;10010614999;B
20240402;100539;569.65;1;10010616109;B
20240402;100540;569.65;1;10010616172;B
20240402;100544;569.6;50;10010617101;S
20240402;100544;569.6;100;10010617103;S
20240402;100545;569.7;125;10010617213;B
20240402;100545;569.7;1;10010617214;B
20240402;100545;569.75;62;10010617215;B
20240402;100545;569.8;1;10010617216;B
20240402;100545;569.8;216;10010617217;B
20240402;100545;569.85;100;10010617218;B
20240402;100545;569.85;5;10010617219;B
20240402;100545;569.85;528;10010617220;B
20240402;100545;569.9;962;10010617221;B
20240402;100545;569.85;24;10010617494;B
20240402;100545;569.85;27;10010617556;B
20240402;100548;569.75;35;10010618283;S
20240402;100548;569.7;28;10010618284;S
20240402;100549;569.7;1;10010618703;S
20240402;100549;569.85;5;10010618706;B
20240402;100553;569.85;30;10010619677;B
20240402;100553;569.85;32;10010619678;B
20240402;100553;569.9;1;10010619861;B
20240402;100553;569.9;1;10010619875;B
20240402;100554;569.9;59;10010620066;B
20240402;100555;569.8;1;10010620228;S
20240402;100555;569.85;30;10010620281;B
20240402;100556;569.85;970;10010620387;B
20240402;100556;569.85;30;10010620388;B
20240402;100557;569.9;10;10010620524;B
20240402;100557;569.8;4;10010620556;S
20240402;100557;569.8;1;10010620557;S
20240402;100557;569.8;216;10010620558;S
20240402;100557;569.75;35;10010620559;S
20240402;100557;569.7;499;10010620560;S
20240402;100557;569.7;62;10010620561;S
20240402;100557;569.7;100;10010620562;S
20240402;100557;569.65;80;10010620563;S
20240402;100557;569.65;1;10010620564;S
20240402;100557;569.65;20;10010620565;S
20240402;100557;569.6;450;10010620566;S
20240402;100557;569.6;3;10010620567;S
20240402;100557;569.6;10;10010620568;S
20240402;100557;569.55;2;10010620569;S
20240402;100557;569.55;2;10010620570;S
20240402;100557;569.55;56;10010620571;S
20240402;100557;569.55;19;10010620572;S
20240402;100557;569.75;1;10010620668;B
20240402;100558;569.55;394;10010620781;S
20240402;100558;569.55;6;10010620880;B
20240402;100559;569.65;61;10010621103;B
20240402;100559;569.75;34;10010621104;B
20240402;100559;569.75;60;10010621105;B
20240402;100559;569.75;20;10010621155;B
20240402;100600;569.85;216;10010621451;B
20240402;100600;569.9;122;10010621452;B
20240402;100601;569.85;42;10010621855;B
20240402;100603;569.6;1;10010622779;S
20240402;100604;569.6;3;10010622955;S
20240402;100604;569.6;7;10010622956;S
20240402;100609;569.6;1;10010624513;S
20240402;100610;569.7;7;10010624565;B
20240402;100610;569.7;60;10010624566;B
20240402;100610;569.75;100;10010624567;B
20240402;100610;569.75;528;10010624568;B
20240402;100610;569.75;216;10010624569;B
20240402;100610;569.8;5;10010624570;B
20240402;100610;569.8;11;10010624571;B
20240402;100610;569.85;300;10010624572;B
20240402;100610;569.85;9;10010624573;B
20240402;100610;569.85;394;10010624574;B
20240402;100610;569.9;370;10010624575;B
20240402;100610;569.85;14;10010624642;S
20240402;100610;569.85;1;10010624776;B
20240402;100614;569.85;1;10010625448;B
20240402;100614;569.85;4;10010625460;B
20240402;100614;569.85;21;10010625536;B
20240402;100614;569.85;2;10010625602;B
20240402;100617;569.8;1;10010626113;S
20240402;100617;569.75;2;10010626114;S
20240402;100617;569.7;40;10010626115;S
20240402;100617;569.7;60;10010626116;S
20240402;100617;569.65;112;10010626117;S
20240402;100617;569.6;1;10010626118;S
20240402;100617;569.6;3;10010626119;S
20240402;100617;569.6;67;10010626120;S
20240402;100617;569.8;36;10010626217;B
20240402;100618;569.8;1;10010626285;B
20240402;100618;569.85;30;10010626286;B
20240402;100618;569.85;1;10010626290;B
20240402;100619;569.85;1;10010626701;B
20240402;100620;569.7;36;10010628031;S
20240402;100620;569.65;21;10010628032;S
20240402;100621;569.85;1;10010628493;B
20240402;100621;569.85;7;10010628494;B
20240402;100622;569.65;195;10010628557;S
20240402;100622;569.65;30;10010628647;B
20240402;100622;569.6;20;10010628810;S
20240402;100622;569.65;4;10010628845;B
20240402;100623;569.6;150;10010628948;S
20240402;100623;569.6;200;10010628949;S
20240402;100623;569.65;1;10010628990;B
20240402;100623;569.65;2;10010628994;B
20240402;100623;569.65;18;10010629077;B
20240402;100624;569.65;3;10010629351;B
20240402;100625;569.55;20;10010629466;S
20240402;100625;569.55;59;10010629467;S
20240402;100625;569.5;1;10010629468;S
20240402;100625;569.5;1;10010629469;S
20240402;100625;569.5;50;10010629470;S
20240402;100625;569.5;10;10010629471;S
20240402;100625;569.5;85;10010629472;S
20240402;100625;569.5;40;10010629473;S
20240402;100625;569.5;2;10010629474;S
20240402;100625;569.5;5;10010629475;S
20240402;100625;569.5;600;10010629476;S
20240402;100625;569.45;140;10010629477;S
20240402;100625;569.45;40;10010629478;S
20240402;100625;569.45;20;10010629479;S
20240402;100625;569.4;90;10010629480;S
20240402;100625;569.4;35;10010629481;S
20240402;100625;569.4;197;10010629482;S
20240402;100625;569.4;35;10010629483;S
20240402;100625;569.4;216;10010629484;S
20240402;100625;569.3;4;10010629486;S
20240402;100625;569.3;10;10010629487;S
20240402;100625;569.3;15;10010629488;S
20240402;100625;569.3;16;10010629489;S
20240402;100625;569.3;25;10010629546;B
20240402;100625;569.3;13;10010629605;B
20240402;100625;569.3;4;10010629619;B
20240402;100626;569.25;11;10010629667;S
20240402;100626;569.25;1;10010629668;S
20240402;100626;569.25;10;10010629669;S
20240402;100626;569.25;91;10010629670;S
20240402;100626;569.3;2;10010629752;B
20240402;100628;569.3;2;10010630222;B
20240402;100628;569.25;30;10010630223;S
20240402;100628;569.3;1;10010630319;B
20240402;100629;569.2;1;10010630561;S
20240402;100629;569.2;1;10010630617;S
20240402;100629;569.2;1;10010630618;S
20240402;100630;569.3;3;10010630699;B
20240402;100630;569.3;12;10010631089;B
20240402;100630;569.3;3;10010631133;B
20240402;100630;569.3;1;10010631138;B
20240402;100630;569.35;528;10010631169;B
20240402;100630;569.35;72;10010631171;S
20240402;100630;569.35;128;10010631175;B
20240402;100630;569.4;302;10010631176;B
20240402;100631;569.35;1;10010631401;B
20240402;100631;569.35;35;10010631486;B
20240402;100631;569.35;55;10010631487;B
20240402;100632;569.35;2;10010631705;B
20240402;100634;569.25;12;10010632510;S
20240402;100635;569.35;20;10010632604;B
20240402;100635;569.35;451;10010632620;B
20240402;100635;569.4;149;10010632621;B
20240402;100635;569.3;30;10010632627;S
20240402;100635;569.3;170;10010632628;S
20240402;100635;569.4;500;10010632632;B
20240402;100635;569.3;216;10010632633;S
20240402;100635;569.3;84;10010632634;B
20240402;100635;569.4;16;10010632635;B
20240402;100635;569.4;500;10010632636;B
20240402;100635;569.3;216;10010632637;S
20240402;100635;569.3;284;10010632638;B
20240402;100635;569.4;216;10010632639;B
20240402;100635;569.3;216;10010632640;S
20240402;100635;569.3;1;10010632737;B
20240402;100635;569.25;3;10010632785;S
20240402;100635;569.25;216;10010632786;S
20240402;100635;569.2;29;10010632787;S
20240402;100637;569.3;83;10010633163;B
20240402;100637;569.3;67;10010633164;B
20240402;100637;569.35;100;10010633165;B
20240402;100637;569.4;533;10010633166;B
20240402;100638;569.3;528;10010633441;S
20240402;100638;569.3;216;10010633442;S
20240402;100638;569.3;69;10010633443;S
20240402;100638;569.25;500;10010633444;S
20240402;100638;569.2;20;10010633445;S
20240402;100638;569.2;2;10010633446;S
20240402;100638;569.2;395;10010633447;S
20240402;100638;569.15;1;10010633550;S
20240402;100639;569.2;28;10010633681;B
20240402;100639;569.15;99;10010633806;S
20240402;100639;569.15;1;10010633807;S
20240402;100639;569.15;216;10010633808;S
20240402;100639;569.1;5;10010633809;S
20240402;100639;569.1;1;10010633810;S
20240402;100639;569.1;338;10010633811;S
20240402;100639;569.2;17;10010633819;B
20240402;100640;569.1;2;10010634159;S
20240402;100641;569.2;46;10010634437;B
20240402;100641;569.1;1;10010634554;S
20240402;100642;569.2;79;10010634717;B
20240402;100642;569.25;70;10010634718;B
20240402;100642;569.25;5;10010634719;B
20240402;100643;569.25;4;10010635263;B
20240402;100643;569.25;26;10010635294;B
20240402;100643;569.25;5;10010635295;B
20240402;100643;569.3;48;10010635296;S
20240402;100643;569.2;1;10010635382;S
20240402;100643;569.3;1;10010635507;B
20240402;100644;569.25;2;10010635720;S
20240402;100645;569.25;2;10010635863;S
20240402;100645;569.3;13;10010635950;B
20240402;100645;569.3;5;10010636005;B
20240402;100646;569.3;2;10010636252;B
20240402;100647;569.3;17;10010636885;B
20240402;100647;569.25;5;10010636909;S
20240402;100647;569.2;499;10010636910;S
20240402;100647;569.2;216;10010636911;S
20240402;100647;569.2;5;10010636912;S
20240402;100647;569.2;73;10010636913;S
20240402;100647;569.15;202;10010636914;S
20240402;100649;569.25;5;10010637302;B
20240402;100649;569.15;2;10010637400;S
20240402;100651;569.15;4;10010638022;S
20240402;100653;569.25;2;10010638742;B
20240402;100653;569.25;3;10010638743;B
20240402;100654;569.2;50;10010638947;S
20240402;100654;569.2;250;10010638948;S
20240402;100654;569.1;414;10010638953;S
20240402;100656;569.2;73;10010639438;B
20240402;100656;569.2;216;10010639439;B
20240402;100656;569.25;197;10010639440;B
20240402;100656;569.25;300;10010639441;S
20240402;100656;569.25;12;10010639476;S
20240402;100656;569.25;200;10010639548;S
20240402;100656;569.25;2;10010639652;S
20240402;100656;569.25;4;10010639676;B
20240402;100656;569.25;1;10010639768;B
20240402;100656;569.2;90;10010639769;S
20240402;100658;569.2;67;10010639993;S
20240402;100658;569.15;500;10010639994;S
20240402;100658;569.1;110;10010639995;S
20240402;100658;569.1;4;10010640117;S
20240402;100658;569.2;18;10010640202;B
20240402;100658;569.1;79;10010640212;S
20240402;100659;569.25;14;10010640417;B
20240402;100659;569.25;216;10010640418;B
20240402;100659;569.3;4;10010640419;B
20240402;100659;569.3;166;10010640420;B
20240402;100700;569.3;200;10010640646;B
20240402;100700;569.35;13;10010640795;B
20240402;100701;569.3;1;10010641350;B
20240402;100703;569.25;100;10010641965;S
20240402;100703;569.2;47;10010641966;S
20240402;100705;569.1;1052;10010643436;S
20240402;100705;569.1;5;10010643437;S
20240402;100705;569.1;1988;10010643438;S
20240402;100705;569.1;500;10010643439;S
20240402;100705;569.1;75;10010643440;S
20240402;100705;569.1;47;10010643441;S
20240402;100705;569.1;216;10010643442;S
20240402;100705;569.05;6;10010643443;S
20240402;100705;569.05;50;10010643444;S
20240402;100705;569.05;5;10010643445;S
20240402;100705;569.05;179;10010643446;S
20240402;100705;569;1;10010643447;S
20240402;100705;569;26;10010643448;S
20240402;100705;569;40;10010643449;S
20240402;100705;569;2;10010643450;S
20240402;100705;569;12;10010643451;S
20240402;100705;569;1;10010643452;S
20240402;100705;569;5;10010643453;S
20240402;100705;569;200;10010643454;S
20240402;100705;569;1;10010643455;S
20240402;100705;569;1;10010643456;S
20240402;100705;569;10;10010643457;S
20240402;100705;569;20;10010643458;S
20240402;100705;569;1;10010643459;S
20240402;100705;569;16;10010643460;S
20240402;100705;569;25;10010643461;S
20240402;100705;569;1;10010643462;S
20240402;100705;569;5;10010643463;S
20240402;100705;569;175;10010643464;S
20240402;100705;569;10;10010643465;S
20240402;100705;569;1;10010643466;S
20240402;100705;569;1;10010643467;S
20240402;100705;569;183;10010643468;S
20240402;100705;569;200;10010643469;S
20240402;100705;569;13138;10010643470;S
20240402;100705;569.05;109;10010643471;S
20240402;100705;569.05;320;10010643472;S
20240402;100705;569.05;20;10010643653;S
20240402;100706;569.1;5;10010643803;B
20240402;100707;569.1;1;10010644219;B
20240402;100708;569.05;3;10010644465;S
20240402;100709;569.1;2;10010644835;B
20240402;100709;569.1;10;10010644967;B
20240402;100710;569.15;36;10010645008;B
20240402;100710;569.15;47;10010645076;B
20240402;100710;569.15;7;10010645077;B
20240402;100710;569.05;5;10010645128;S
20240402;100712;569.05;612;10010645686;S
20240402;100713;569.05;2;10010645859;S
20240402;100713;569.1;33;10010645955;B
20240402;100715;569.15;13;10010646414;B
20240402;100716;569.1;1;10010646700;B
20240402;100716;569.1;1;10010646874;B
20240402;100716;569.1;1;10010646881;B
20240402;100716;569.1;1;10010646957;B
20240402;100717;569.1;2;10010647054;B
20240402;100717;569.1;3;10010647213;B
20240402;100717;569.1;20;10010647224;B
20240402;100717;569.1;1;10010647252;B
20240402;100718;569.1;4;10010647369;B
20240402;100718;569.1;16;10010647370;B
20240402;100718;569.1;2;10010647438;B
20240402;100719;569.1;1;10010647628;B
20240402;100721;569.1;1;10010648287;B
20240402;100722;569.05;2;10010648538;S
20240402;100723;569.15;30;10010648961;B
20240402;100724;569.1;90;10010649295;B
20240402;100725;569.1;15;10010649589;B
20240402;100726;569.1;2;10010649741;B
20240402;100726;569.1;3;10010649850;B
20240402;100727;569.1;1;10010650142;B
20240402;100728;569.05;1;10010650188;S
20240402;100728;569.05;1;10010650189;S
20240402;100728;569.05;1;10010650328;S
20240402;100729;569.05;3;10010650540;S
20240402;100729;569.05;3;10010650541;S
20240402;100730;569.05;3;10010650796;S
20240402;100731;569.05;271;10010651137;S
20240402;100731;569.05;354;10010651138;S
20240402;100731;569.05;20;10010651139;S
20240402;100731;569.05;3;10010651140;S
20240402;100731;569.05;1;10010651141;S
20240402;100731;569;320;10010651143;S
20240402;100733;569;1;10010651645;S
20240402;100733;569.05;5;10010651646;B
20240402;100733;569;29;10010651775;S
20240402;100734;569.05;1;10010651910;B
20240402;100735;569;3;10010652618;S
20240402;100737;569;170;10010652996;S
20240402;100737;569.05;1;10010653164;B
20240402;100737;569;1;10010653165;S
20240402;100737;569;530;10010653220;S
20240402;100738;569;28;10010653310;S
20240402;100738;569;2;10010653481;S
20240402;100738;569;12;10010653489;S
20240402;100738;569;17;10010653546;S
20240402;100738;569;1;10010653564;S
20240402;100738;569.05;33;10010653578;B
20240402;100739;569;206;10010653766;S
20240402;100739;569;5;10010653767;S
20240402;100739;569;2;10010653768;S
20240402;100739;569;300;10010653769;S
20240402;100739;569;50;10010653770;S
20240402;100739;569;2;10010653771;S
20240402;100739;569;60;10010653772;S
20240402;100739;569;50;10010653773;S
20240402;100739;569;2;10010653774;S
20240402;100739;569;3;10010653775;S
20240402;100739;569;4;10010653876;S
20240402;100739;569.05;1;10010653879;B
20240402;100740;569.05;2;10010654245;B
20240402;100740;569;6;10010654247;S
20240402;100742;569.05;20;10010654551;B
20240402;100742;569.05;6;10010654655;B
20240402;100743;569;3;10010654791;S
20240402;100743;569;9;10010654796;S
20240402;100743;569;51;10010654797;S
20240402;100744;569.05;2;10010655042;B
20240402;100744;569.1;30;10010655098;B
20240402;100745;569.05;4;10010655308;S
20240402;100745;569;446;10010655309;S
20240402;100747;569.05;3;10010655705;S
20240402;100748;569.05;900;10010656010;B
20240402;100748;569.05;100;10010656011;B
20240402;100749;569;122;10010656196;S
20240402;100750;569;14;10010656354;S
20240402;100751;569.05;165;10010656622;B
20240402;100751;569.05;35;10010656623;B
20240402;100753;569;5;10010657098;S
20240402;100753;569.05;1;10010657122;B
20240402;100753;569;125;10010657157;S
20240402;100753;569;6;10010657158;S
20240402;100754;569;5;10010657336;S
20240402;100754;569.05;5;10010657479;B
20240402;100755;569.05;10;10010657540;B
20240402;100755;569;226;10010657683;S
20240402;100755;569;50;10010657684;S
20240402;100755;569;2;10010657685;S
20240402;100755;569;17;10010657686;S
20240402;100755;569;20;10010657687;S
20240402;100755;569;1;10010657688;S
20240402;100755;569;5;10010657689;S
20240402;100755;569;1;10010657690;S
20240402;100755;569;6;10010657691;S
20240402;100755;569;1;10010657692;S
20240402;100755;569;30;10010657693;S
20240402;100755;569;4;10010657694;S
20240402;100755;569;168;10010657695;S
20240402;100755;569;200;10010657696;S
20240402;100755;569;1;10010657697;S
20240402;100755;569;3;10010657698;S
20240402;100755;569;1;10010657699;S
20240402;100755;569;3;10010657700;S
20240402;100755;569;1;10010657701;S
20240402;100755;569;1;10010657710;B
20240402;100756;569;15;10010657755;B
20240402;100756;568.95;1;10010657756;S
20240402;100756;568.95;1;10010657757;S
20240402;100756;568.95;10;10010657758;S
20240402;100756;569;1;10010657810;B
20240402;100756;569;10;10010657960;B
20240402;100756;569;2;10010658036;B
20240402;100757;568.95;14;10010658098;S
20240402;100757;569;10;10010658126;B
20240402;100757;569;1;10010658228;B
20240402;100758;568.95;5;10010658262;S
20240402;100758;569;1;10010658323;B
20240402;100758;568.95;420;10010658479;S
20240402;100759;569;15;10010658681;B
20240402;100759;569;1;10010658732;B
20240402;100759;568.95;51;10010658736;S
20240402;100759;568.95;2;10010658737;S
20240402;100759;568.95;100;10010658738;S
20240402;100759;568.95;1;10010658739;S
20240402;100759;568.95;7;10010658740;S
20240402;100759;568.95;74;10010658825;S
20240402;100759;568.95;223;10010658826;S
20240402;100800;568.9;15;10010658869;S
20240402;100800;568.9;105;10010658870;S
20240402;100800;568.95;10;10010658903;B
20240402;100801;568.95;3;10010659069;B
20240402;100801;568.9;2;10010659082;S
20240402;100801;568.9;13;10010659085;S
20240402;100801;568.9;7;10010659086;S
20240402;100801;568.95;100;10010659095;B
20240402;100801;568.9;1;10010659142;S
20240402;100801;568.95;9;10010659150;B
20240402;100801;568.9;12;10010659314;S
20240402;100801;568.95;406;10010659316;B
20240402;100801;568.95;11;10010659317;B
20240402;100801;568.95;1;10010659318;B
20240402;100801;568.95;1;10010659319;B
20240402;100801;568.95;1;10010659320;B
20240402;100801;569;134;10010659321;B
20240402;100801;569;81;10010659322;B
20240402;100801;569;55;10010659323;B
20240402;100803;568.95;6;10010659646;B
20240402;100803;568.9;67;10010659795;S
20240402;100803;568.9;10;10010659796;S
20240402;100803;568.9;67;10010659797;S
20240402;100803;568.9;1;10010659798;S
20240402;100803;568.9;11;10010659799;S
20240402;100803;568.9;344;10010659800;S
20240402;100804;568.9;1;10010659945;S
20240402;100805;568.95;2;10010660230;B
20240402;100805;568.95;33;10010660235;B
20240402;100806;568.9;7;10010660509;S
20240402;100806;568.95;3;10010660576;B
20240402;100807;568.95;10;10010660607;B
20240402;100807;568.95;10;10010660693;B
20240402;100807;568.9;3;10010660712;S
20240402;100808;568.95;7;10010661093;B
20240402;100808;568.9;9;10010661169;S
20240402;100808;568.95;2;10010661190;B
20240402;100808;568.95;1;10010661204;B
20240402;100809;568.95;4;10010661285;B
20240402;100809;568.95;1;10010661416;B
20240402;100810;568.9;10;10010661450;S
20240402;100810;568.95;1;10010661518;B
20240402;100810;568.9;26;10010661553;S
20240402;100810;568.9;10;10010661554;S
20240402;100810;568.9;10;10010661555;S
20240402;100810;568.9;20;10010661556;S
20240402;100810;568.9;5;10010661557;S
20240402;100810;568.9;10;10010661558;S
20240402;100810;568.9;2;10010661559;S
20240402;100810;568.9;1;10010661560;S
20240402;100810;568.9;6;10010661561;S
20240402;100810;568.9;6;10010661562;S
20240402;100810;568.9;176;10010661563;S
20240402;100810;568.9;1137;10010661564;S
20240402;100811;568.9;50;10010661610;S
20240402;100811;568.95;1;10010661765;B
20240402;100813;568.9;10;10010662146;S
20240402;100814;568.9;10;10010662283;S
20240402;100815;568.9;38;10010662392;S
20240402;100815;568.95;11;10010662395;B
20240402;100815;568.9;755;10010662408;S
20240402;100815;568.9;100;10010662409;S
20240402;100815;568.9;2;10010662410;S
20240402;100815;568.9;17;10010662411;S
20240402;100815;568.9;17;10010662412;S
20240402;100816;568.95;2;10010662627;B
20240402;100817;568.95;3;10010662852;B
20240402;100817;568.9;1;10010662854;S
20240402;100817;568.9;50;10010662866;S
20240402;100817;568.9;932;10010662920;S
20240402;100817;568.9;5;10010662921;S
20240402;100817;568.9;3;10010662922;S
20240402;100817;568.9;14;10010662923;S
20240402;100817;568.9;400;10010662924;S
20240402;100817;568.9;100;10010662925;S
20240402;100817;568.9;10;10010662926;S
20240402;100817;568.9;10;10010662927;S
20240402;100817;568.9;25;10010662937;B
20240402;100817;568.9;30;10010662966;B
20240402;100818;568.85;1;10010663006;S
20240402;100818;568.85;1;10010663007;S
20240402;100818;568.85;1;10010663008;S
20240402;100818;568.85;1;10010663009;S
20240402;100818;568.85;1;10010663020;S
20240402;100818;568.85;5;10010663021;S
20240402;100818;568.85;3;10010663042;S
20240402;100818;568.9;30;10010663048;B
20240402;100819;568.9;82;10010663127;B
20240402;100819;568.9;50;10010663262;B
20240402;100819;568.85;27;10010663263;S
20240402;100819;568.85;1;10010663264;S
20240402;100819;568.85;50;10010663265;S
20240402;100819;568.85;1;10010663266;S
20240402;100819;568.85;2;10010663267;S
20240402;100819;568.85;1;10010663268;S
20240402;100819;568.85;8;10010663269;S
20240402;100819;568.85;1;10010663270;S
20240402;100819;568.85;1;10010663271;S
20240402;100819;568.85;1;10010663272;S
20240402;100819;568.85;10;10010663273;S
20240402;100819;568.85;1;10010663274;S
20240402;100819;568.85;2;10010663275;S
20240402;100819;568.85;2;10010663276;S
20240402;100819;568.85;2;10010663277;S
20240402;100819;568.85;1;10010663278;S
20240402;100819;568.85;5;10010663279;S
20240402;100819;568.85;1;10010663280;S
20240402;100819;568.85;20;10010663281;S
20240402;100819;568.85;1;10010663282;S
20240402;100819;568.85;1;10010663283;S
20240402;100819;568.85;4;10010663284;S
20240402;100819;568.85;2;10010663285;S
20240402;100819;568.85;2;10010663286;S
20240402;100819;568.85;1;10010663287;S
20240402;100819;568.85;352;10010663288;S
20240402;100820;568.9;1;10010663354;B
20240402;100820;568.85;500;10010663399;S
20240402;100821;568.85;1;10010663702;S
20240402;100821;568.85;100;10010663736;S
20240402;100821;568.9;53;10010663814;B
20240402;100822;568.85;47;10010663978;S
20240402;100822;568.85;2;10010663979;S
20240402;100822;568.85;1;10010663980;S
20240402;100822;568.85;1;10010663981;S
20240402;100822;568.85;10;10010663982;S
20240402;100822;568.85;3;10010663983;S
20240402;100822;568.85;1;10010663984;S
20240402;100822;568.85;1;10010663985;S
20240402;100822;568.85;1;10010663986;S
20240402;100822;568.85;5;10010663987;S
20240402;100822;568.85;2;10010663988;S
20240402;100822;568.85;1;10010663989;S
20240402;100822;568.85;25;10010663990;S
20240402;100822;568.85;375;10010664007;S
20240402;100822;568.85;1;10010664008;S
20240402;100822;568.85;8;10010664009;S
20240402;100822;568.85;8;10010664010;S
20240402;100822;568.85;3;10010664011;S
20240402;100822;568.85;2;10010664012;S
20240402;100822;568.85;10;10010664013;S
20240402;100822;568.85;4;10010664014;S
20240402;100822;568.85;9;10010664015;S
20240402;100822;568.85;10;10010664016;S
20240402;100822;568.85;5;10010664017;S
20240402;100822;568.85;6;10010664018;S
20240402;100822;568.85;1;10010664019;S
20240402;100822;568.85;1;10010664020;S
20240402;100822;568.85;5;10010664021;S
20240402;100822;568.85;2;10010664022;S
20240402;100822;568.85;100;10010664023;S
20240402;100822;568.85;8;10010664024;S
20240402;100822;568.85;1;10010664025;S
20240402;100822;568.85;350;10010664026;S
20240402;100822;568.85;1;10010664027;S
20240402;100822;568.85;10;10010664028;S
20240402;100822;568.85;88;10010664029;S
20240402;100822;568.85;1;10010664030;S
20240402;100822;568.85;1;10010664031;S
20240402;100822;568.85;264;10010664032;S
20240402;100822;568.85;50;10010664033;S
20240402;100822;568.85;4;10010664034;S
20240402;100822;568.85;28;10010664035;S
20240402;100822;568.85;1;10010664036;S
20240402;100822;568.85;50;10010664037;S
20240402;100822;568.85;50;10010664038;S
20240402;100822;568.85;2;10010664039;S
20240402;100822;568.85;1;10010664040;S
20240402;100822;568.85;1;10010664041;S
20240402;100822;568.8;1;10010664042;S
20240402;100822;568.8;3;10010664043;S
20240402;100822;568.8;1;10010664044;S
20240402;100822;568.8;2;10010664045;S
20240402;100822;568.8;10;10010664046;S
20240402;100822;568.8;150;10010664047;S
20240402;100822;568.8;7;10010664048;S
20240402;100822;568.8;115;10010664049;S
20240402;100822;568.8;300;10010664167;S
20240402;100823;568.8;1;10010664240;S
20240402;100824;568.85;69;10010664611;B
20240402;100825;568.8;84;10010664625;S
20240402;100825;568.8;1;10010664626;S
20240402;100825;568.8;2;10010664627;S
20240402;100825;568.8;10;10010664628;S
20240402;100825;568.8;11;10010664629;S
20240402;100825;568.75;1;10010664630;S
20240402;100825;568.75;1;10010664631;S
20240402;100825;568.75;75;10010664632;S
20240402;100825;568.75;25;10010664692;S
20240402;100825;568.8;6;10010664797;B
20240402;100825;568.75;216;10010664829;S
20240402;100825;568.75;41;10010664830;S
20240402;100825;568.7;243;10010664831;S
20240402;100826;568.75;1;10010664894;B
20240402;100826;568.75;200;10010664970;B
20240402;100826;568.7;17;10010664978;S
20240402;100826;568.7;2;10010664979;S
20240402;100826;568.7;20;10010664980;S
20240402;100826;568.7;52;10010664981;S
20240402;100826;568.7;1;10010664982;S
20240402;100826;568.7;30;10010664983;S
20240402;100826;568.7;34;10010664984;S
20240402;100826;568.7;5;10010664985;S
20240402;100826;568.65;61;10010664986;S
20240402;100826;568.6;1;10010664987;S
20240402;100826;568.6;1;10010664988;S
20240402;100826;568.6;62;10010664989;S
20240402;100826;568.6;1;10010664990;S
20240402;100826;568.6;30;10010664991;S
20240402;100826;568.6;2;10010664992;S
20240402;100826;568.6;681;10010664993;S
20240402;100826;568.6;100;10010664994;S
20240402;100826;568.7;1;10010665001;B
20240402;100827;568.7;15;10010665026;B
20240402;100827;568.7;79;10010665125;B
20240402;100827;568.7;216;10010665126;B
20240402;100827;568.7;1;10010665127;B
20240402;100827;568.75;65;10010665128;B
20240402;100827;568.75;61;10010665129;B
20240402;100827;568.8;528;10010665130;B
20240402;100827;568.8;100;10010665131;B
20240402;100827;568.8;190;10010665132;B
20240402;100827;568.65;10;10010665196;B
20240402;100828;568.65;1;10010665239;B
20240402;100828;568.6;23;10010665255;S
20240402;100828;568.6;25;10010665313;S
20240402;100828;568.65;1;10010665328;B
20240402;100828;568.6;2;10010665397;S
20240402;100829;568.6;3;10010665474;S
20240402;100829;568.65;3;10010665636;B
20240402;100829;568.6;100;10010665639;S
20240402;100830;568.65;1;10010665672;B
20240402;100830;568.6;472;10010665683;S
20240402;100830;568.6;2;10010665684;S
20240402;100830;568.6;20;10010665685;S
20240402;100830;568.6;168;10010665686;S
20240402;100830;568.6;9;10010665687;S
20240402;100830;568.6;1;10010665688;S
20240402;100830;568.6;4;10010665689;S
20240402;100830;568.6;53;10010665690;S
20240402;100830;568.6;53;10010665691;S
20240402;100830;568.6;218;10010665692;S
20240402;100830;568.65;1;10010665726;B
20240402;100832;568.65;63;10010666070;B
20240402;100832;568.65;96;10010666071;B
20240402;100832;568.65;31;10010666072;B
20240402;100832;568.6;182;10010666086;S
20240402;100832;568.6;53;10010666087;S
20240402;100832;568.6;3;10010666088;S
20240402;100832;568.6;50;10010666089;S
20240402;100832;568.6;1;10010666090;S
20240402;100832;568.55;5;10010666091;S
20240402;100832;568.55;1;10010666092;S
20240402;100832;568.55;45;10010666093;S
20240402;100833;568.6;2;10010666418;B
20240402;100834;568.6;1;10010666487;B
20240402;100835;568.6;1;10010666685;B
20240402;100835;568.6;10;10010666758;B
20240402;100836;568.55;1;10010666787;S
20240402;100836;568.6;6;10010666813;B
20240402;100836;568.6;22;10010666814;B
20240402;100836;568.6;1;10010666823;B
20240402;100836;568.55;90;10010666854;S
20240402;100837;568.6;1;10010666936;B
20240402;100837;568.55;200;10010666954;S
20240402;100837;568.6;5;10010667000;B
20240402;100837;568.6;1;10010667043;B
20240402;100838;568.55;105;10010667171;S
20240402;100838;568.55;1;10010667172;S
20240402;100838;568.55;50;10010667173;S
20240402;100838;568.55;100;10010667174;S
20240402;100838;568.55;744;10010667175;S
20240402;100838;568.6;6;10010667179;B
20240402;100838;568.6;58;10010667246;B
20240402;100839;568.6;27;10010667406;B
20240402;100839;568.6;5;10010667407;B
20240402;100839;568.6;96;10010667408;B
20240402;100839;568.65;122;10010667409;B
20240402;100839;568.65;216;10010667410;B
20240402;100839;568.75;528;10010667411;B
20240402;100839;568.8;140;10010667412;B
20240402;100839;568.8;669;10010667413;B
20240402;100839;568.8;395;10010667414;B
20240402;100839;568.85;100;10010667415;B
20240402;100839;568.85;140;10010667416;B
20240402;100839;568.85;1271;10010667417;B
20240402;100839;568.85;100;10010667418;B
20240402;100839;568.9;6255;10010667419;B
20240402;100839;568.9;140;10010667420;B
20240402;100839;568.9;320;10010667421;B
20240402;100839;568.9;86;10010667422;B
20240402;100839;568.9;10;10010667423;B
20240402;100839;568.95;23;10010667424;B
20240402;100839;568.95;100;10010667425;B
20240402;100839;568.95;1;10010667426;B
20240402;100839;569;11;10010667427;B
20240402;100839;569;500;10010667428;S
20240402;100839;569.05;1;10010667430;B
20240402;100839;569;300;10010667431;S
20240402;100839;569;87;10010667448;S
20240402;100839;569;10;10010667449;S
20240402;100839;569.05;2;10010667453;B
20240402;100839;569;2;10010667666;S
20240402;100839;569;100;10010667667;S
20240402;100839;569.05;1;10010667696;B
20240402;100840;569;500;10010667783;S
20240402;100840;569.05;174;10010667792;B
20240402;100840;569.05;62;10010667793;B
20240402;100840;569.05;2;10010667867;B
20240402;100841;569.05;20;10010667948;B
20240402;100841;569;30;10010667987;S
20240402;100841;569.05;2;10010668079;B
20240402;100843;569.05;14;10010668257;B
20240402;100843;569;10;10010668280;S
20240402;100843;569;75;10010668380;S
20240402;100845;569;2;10010668706;S
20240402;100845;569.05;24;10010668736;B
20240402;100845;569.05;66;10010668737;B
20240402;100846;569.05;11;10010668772;B
20240402;100848;569;20;10010669154;S
20240402;100848;569.05;1;10010669251;B
20240402;100850;569.05;20;10010669645;B
20240402;100851;569;14;10010669745;S
20240402;100852;569.05;10;10010669823;B
20240402;100853;569.05;3;10010670104;B
20240402;100854;569.05;100;10010670268;B
20240402;100854;569.05;200;10010670333;B
20240402;100854;569.05;1;10010670337;B
20240402;100855;569;1;10010670385;S
20240402;100855;569;20;10010670568;S
20240402;100856;569;7;10010670731;S
20240402;100857;569;900;10010670905;S
20240402;100857;569.05;1;10010670937;B
20240402;100857;569;275;10010671189;S
20240402;100858;569.05;1;10010671266;B
20240402;100858;569;45;10010671322;S
20240402;100858;569;2;10010671370;S
20240402;100859;569.05;13;10010671404;B
20240402;100859;569.05;2;10010671436;B
20240402;100900;569;2;10010671618;S
20240402;100900;569;8;10010671827;S
20240402;100901;569;500;10010672007;S
20240402;100901;569;150;10010672068;S
20240402;100903;569;132;10010672404;S
20240402;100903;569;2500;10010672408;S
20240402;100903;569.05;9;10010672424;B
20240402;100903;569;109;10010672540;S
20240402;100904;569;1344;10010672607;S
20240402;100904;569;100;10010672608;S
20240402;100904;569;500;10010672609;S
20240402;100904;569;56;10010672610;S
20240402;100904;569.05;1;10010672636;B
20240402;100905;569;1;10010672888;S
20240402;100905;569.05;13;10010672893;B
20240402;100905;569.05;74;10010673017;B
20240402;100906;569.05;10;10010673061;B
20240402;100906;569.05;53;10010673075;B
20240402;100906;569.05;117;10010673076;B
20240402;100906;569.05;20;10010673187;B
20240402;100907;569.05;1;10010673450;B
20240402;100909;569;43;10010673975;S
20240402;100909;569;5;10010673976;S
20240402;100909;569.05;19;10010673994;B
20240402;100909;569.05;3;10010674051;B
20240402;100909;569.05;20;10010674110;B
20240402;100910;569.05;348;10010674225;B
20240402;100910;569.05;120;10010674226;B
20240402;100910;569.05;1;10010674227;B
20240402;100910;569.05;216;10010674228;B
20240402;100910;569.05;1315;10010674229;B
20240402;100910;569.05;2256;10010674321;B
20240402;100910;569.05;216;10010674322;B
20240402;100910;569.05;528;10010674323;B
20240402;100911;569;290;10010674429;S
20240402;100911;569.05;10;10010674619;B
20240402;100912;569;3;10010674748;S
20240402;100912;569;2;10010674781;S
20240402;100912;569;1;10010674782;S
20240402;100912;568.95;7;10010674783;S
20240402;100912;568.9;71;10010674784;S
20240402;100912;568.9;50;10010674785;S
20240402;100913;568.85;3;10010674908;B
20240402;100913;568.85;1;10010675020;B
20240402;100914;568.85;10;10010675071;B
20240402;100917;568.85;1;10010675664;B
20240402;100918;568.8;409;10010675831;S
20240402;100918;568.8;216;10010675832;S
20240402;100918;568.7;116;10010675833;S
20240402;100918;568.7;2;10010675834;S
20240402;100918;568.6;1;10010675835;S
20240402;100918;568.6;502;10010675836;S
20240402;100918;568.55;1;10010675837;S
20240402;100918;568.55;2;10010675838;S
20240402;100918;568.55;55;10010675839;S
20240402;100918;568.55;10;10010675840;S
20240402;100918;568.55;1584;10010675841;S
20240402;100918;568.5;25;10010675842;S
20240402;100918;568.5;100;10010675843;S
20240402;100918;568.5;100;10010675844;S
20240402;100918;568.5;1;10010675845;S
20240402;100918;568.5;1;10010675846;S
20240402;100918;568.5;1;10010675847;S
20240402;100918;568.5;1;10010675848;S
20240402;100918;568.5;3;10010675849;S
20240402;100918;568.5;200;10010675850;S
20240402;100918;568.5;2;10010675851;S
20240402;100918;568.5;1;10010675852;S
20240402;100918;568.5;5;10010675853;S
20240402;100918;568.5;1;10010675854;S
20240402;100918;568.5;51;10010675855;S
20240402;100918;568.5;1;10010675856;S
20240402;100918;568.5;2;10010675857;S
20240402;100918;568.5;5;10010675858;S
20240402;100918;568.5;250;10010675859;S
20240402;100918;568.5;17;10010675860;S
20240402;100918;568.5;150;10010675861;S
20240402;100918;568.5;27;10010675862;S
20240402;100918;568.5;1;10010675863;S
20240402;100918;568.5;140;10010675864;S
20240402;100918;568.45;250;10010675865;S
20240402;100918;568.45;49;10010675866;S
20240402;100918;568.45;27;10010675867;S
20240402;100918;568.45;140;10010675868;S
20240402;100918;568.45;1000;10010675869;S
20240402;100918;568.45;395;10010675870;S
20240402;100918;568.4;100;10010675871;S
20240402;100918;568.4;2;10010675872;S
20240402;100918;568.4;176;10010675873;S
20240402;100918;568.4;3;10010675874;S
20240402;100918;568.4;1;10010675875;S
20240402;100918;568.4;83;10010675876;S
20240402;100918;568.4;173;10010675877;S
20240402;100918;568.4;140;10010675878;S
20240402;100918;568.35;3;10010675879;S
20240402;100918;568.35;5;10010675880;S
20240402;100918;568.35;1;10010675881;S
20240402;100918;568.35;50;10010675882;S
20240402;100918;568.3;1;10010675883;S
20240402;100918;568.3;10;10010675884;S
20240402;100918;568.3;1;10010675885;S
20240402;100918;568.3;33;10010675886;S
20240402;100918;568.3;100;10010675887;S
20240402;100918;568.3;528;10010675888;S
20240402;100918;568.3;77;10010675889;S
20240402;100918;568.35;40;10010675933;S
20240402;100918;568.35;3;10010675956;S
20240402;100918;568.5;107;10010676050;S
20240402;100918;568.5;5;10010676059;S
20240402;100918;568.5;5;10010676062;S
20240402;100919;568.5;50;10010676096;S
20240402;100919;568.5;633;10010676141;S
20240402;100919;568.5;11;10010676142;S
20240402;100919;568.5;8;10010676143;S
20240402;100919;568.45;216;10010676144;S
20240402;100919;568.4;5;10010676158;B
20240402;100920;568.4;4;10010676301;B
20240402;100920;568.4;4;10010676345;B
20240402;100920;568.4;5;10010676403;B
20240402;100921;568.4;5;10010676578;B
20240402;100921;568.4;1;10010676596;B
20240402;100922;568.4;5;10010676809;B
20240402;100923;568.4;5;10010676959;B
20240402;100924;568.4;5;10010677216;B
20240402;100925;568.45;2;10010677509;B
20240402;100925;568.45;1;10010677522;B
20240402;100925;568.45;1;10010677582;B
20240402;100926;568.4;1;10010677673;S
20240402;100926;568.45;100;10010677806;B
20240402;100927;568.4;6;10010677991;S
20240402;100928;568.4;4;10010678052;S
20240402;100928;568.4;205;10010678120;S
20240402;100928;568.4;112;10010678121;S
20240402;100928;568.4;11;10010678122;S
20240402;100928;568.4;1;10010678123;S
20240402;100928;568.4;1;10010678124;S
20240402;100928;568.35;3;10010678125;S
20240402;100928;568.3;528;10010678126;S
20240402;100928;568.25;20;10010678127;S
20240402;100928;568.25;395;10010678128;S
20240402;100928;568.25;20;10010678129;S
20240402;100928;568.2;50;10010678130;S
20240402;100928;568.2;1;10010678131;S
20240402;100928;568.2;18;10010678132;S
20240402;100928;568.2;8;10010678133;S
20240402;100928;568.2;8;10010678134;S
20240402;100928;568.2;1;10010678135;S
20240402;100928;568.2;1000;10010678136;S
20240402;100928;568.2;20;10010678137;S
20240402;100928;568.2;1;10010678138;S
20240402;100928;568.2;300;10010678139;S
20240402;100928;568.2;10;10010678140;S
20240402;100928;568.15;1;10010678141;S
20240402;100928;568.15;16;10010678142;S
20240402;100928;568.1;1;10010678143;S
20240402;100928;568.1;25;10010678144;S
20240402;100928;568.1;22;10010678145;S
20240402;100928;568.1;66;10010678146;S
20240402;100928;568.1;10;10010678147;S
20240402;100928;568.1;140;10010678148;S
20240402;100928;568.05;3;10010678149;S
20240402;100928;568.05;1;10010678150;S
20240402;100928;568.05;74;10010678151;S
20240402;100928;568.05;100;10010678152;S
20240402;100928;568.05;20;10010678153;S
20240402;100928;568.05;1;10010678154;S
20240402;100928;568.05;2;10010678155;S
20240402;100928;568.05;50;10010678156;S
20240402;100928;568.05;4;10010678157;S
20240402;100928;568.05;2;10010678158;S
20240402;100928;568.05;100;10010678159;S
20240402;100928;568.05;1;10010678160;S
20240402;100928;568.05;10;10010678161;S
20240402;100928;568.05;7;10010678162;S
20240402;100928;568.05;50;10010678163;S
20240402;100928;568.05;140;10010678164;S
20240402;100928;568.05;251;10010678165;S
20240402;100928;568;400;10010678166;S
20240402;100928;568;1;10010678167;S
20240402;100928;568;3;10010678168;S
20240402;100928;568;30;10010678169;S
20240402;100928;568;3;10010678170;S
20240402;100928;568;1;10010678171;S
20240402;100928;568;20;10010678172;S
20240402;100928;568;1;10010678173;S
20240402;100928;568;3;10010678174;S
20240402;100928;568;5;10010678175;S
20240402;100928;568;20;10010678176;S
20240402;100928;568;50;10010678177;S
20240402;100928;568;1;10010678178;S
20240402;100928;568;2;10010678179;S
20240402;100928;568;20;10010678180;S
20240402;100928;568;1;10010678181;S
20240402;100928;568;9;10010678182;S
20240402;100928;568;3;10010678183;S
20240402;100928;568;1;10010678184;S
20240402;100928;568;10;10010678185;S
20240402;100928;568;5;10010678186;S
20240402;100928;568;5;10010678187;S
20240402;100928;568;2;10010678188;S
20240402;100928;568;1;10010678189;S
20240402;100928;568;8;10010678190;S
20240402;100928;568;1;10010678191;S
20240402;100928;568;45;10010678192;S
20240402;100928;568;502;10010678193;S
20240402;100928;568;50;10010678194;S
20240402;100928;568;1;10010678195;S
20240402;100928;568;2;10010678196;S
20240402;100928;568;880;10010678197;S
20240402;100928;568;2;10010678198;S
20240402;100928;568;3;10010678199;S
20240402;100928;568;30;10010678200;S
20240402;100928;568;2;10010678201;S
20240402;100928;568;50;10010678202;S
20240402;100928;568;5;10010678203;S
20240402;100928;568;1;10010678204;S
20240402;100928;568;14;10010678205;S
20240402;100928;568;3;10010678206;S
20240402;100928;568;4;10010678207;S
20240402;100928;568;100;10010678208;S
20240402;100928;568;158;10010678209;S
20240402;100928;568;2;10010678210;S
20240402;100928;568;5;10010678211;S
20240402;100928;568;1;10010678212;S
20240402;100928;568;1;10010678213;S
20240402;100928;568;3;10010678214;S
20240402;100928;568;200;10010678215;S
20240402;100928;568;1;10010678216;S
20240402;100928;568;9;10010678217;S
20240402;100928;568;5;10010678218;S
20240402;100928;568;10;10010678219;S
20240402;100928;568;1;10010678220;S
20240402;100928;568;300;10010678221;S
20240402;100928;568;50;10010678222;S
20240402;100928;568;73;10010678223;S
20240402;100928;568;1;10010678224;S
20240402;100928;568;50;10010678225;S
20240402;100928;568;2;10010678226;S
20240402;100928;568;10;10010678227;S
20240402;100928;568;1;10010678228;S
20240402;100928;568;100;10010678229;S
20240402;100928;568;3;10010678230;S
20240402;100928;568;140;10010678231;S
20240402;100928;567.95;16;10010678232;S
20240402;100928;567.95;50;10010678233;S
20240402;100928;567.95;366;10010678234;S
20240402;100928;567.9;10;10010678235;S
20240402;100928;567.9;3;10010678236;S
20240402;100928;567.9;1;10010678237;S
20240402;100928;567.9;3;10010678238;S
20240402;100928;567.9;1;10010678239;S
20240402;100928;567.9;1;10010678240;S
20240402;100928;567.9;25;10010678241;S
20240402;100928;567.9;1000;10010678242;S
20240402;100928;567.85;10;10010678243;S
20240402;100928;567.85;50;10010678244;S
20240402;100928;567.85;100;10010678245;S
20240402;100928;567.85;1000;10010678246;S
20240402;100928;567.8;1;10010678247;S
20240402;100928;567.8;15;10010678248;S
20240402;100928;567.8;20;10010678249;S
20240402;100928;567.8;2;10010678250;S
20240402;100928;567.8;1000;10010678251;S
20240402;100928;567.8;10000;10010678252;S
20240402;100928;567.8;908;10010678253;S
20240402;100928;568.2;100;10010678255;B
20240402;100928;568.2;10;10010678256;S
20240402;100928;568.2;14;10010678266;S
20240402;100928;568.25;50;10010678281;B
20240402;100928;568.2;10;10010678290;S
20240402;100928;568.2;10;10010678294;S
20240402;100928;568.2;56;10010678297;S
20240402;100928;568.15;4;10010678298;S
20240402;100928;568.15;10;10010678310;S
20240402;100928;568.15;40;10010678311;S
20240402;100928;568.15;310;10010678312;S
20240402;100928;568.15;200;10010678313;B
20240402;100928;568.15;16;10010678314;B
20240402;100928;568.15;84;10010678315;B
20240402;100928;568.1;120;10010678316;B
20240402;100928;568.1;200;10010678317;B
20240402;100928;568.1;100;10010678318;B
20240402;100928;568.1;500;10010678319;B
20240402;100928;568.1;80;10010678320;B
20240402;100928;568.15;3;10010678321;B
20240402;100928;568.15;17;10010678322;B
20240402;100928;568.15;94;10010678323;B
20240402;100928;568.25;3;10010678325;B
20240402;100928;568.2;6;10010678326;S
20240402;100928;568.15;40;10010678327;S
20240402;100928;568.35;140;10010678328;B
20240402;100928;568.35;60;10010678329;B
20240402;100928;568.35;1;10010678337;S
20240402;100928;568.35;99;10010678340;S
20240402;100928;568.35;216;10010678341;S
20240402;100928;568.35;215;10010678342;S
20240402;100929;568.4;85;10010678343;B
20240402;100929;568.35;60;10010678469;S
20240402;100929;568.4;2;10010678483;B
20240402;100929;568.4;10;10010678489;B
20240402;100929;568.35;100;10010678490;S
20240402;100929;568.35;56;10010678500;S
20240402;100929;568.3;4;10010678501;S
20240402;100929;568.4;4;10010678502;B
20240402;100930;568.3;27;10010678510;S
20240402;100930;568.3;19;10010678515;S
20240402;100930;568.3;216;10010678516;S
20240402;100930;568.25;15;10010678517;S
20240402;100930;568.25;1;10010678533;S
20240402;100930;568.2;49;10010678534;S
20240402;100931;568.4;3;10010678783;B
20240402;100931;568.4;1;10010678862;B
20240402;100932;568.4;11;10010679050;B
20240402;100932;568.4;77;10010679051;B
20240402;100933;568.2;10;10010679294;S
20240402;100933;568.35;200;10010679337;B
20240402;100934;568.2;41;10010679582;S
20240402;100934;568.2;2;10010679583;S
20240402;100934;568.2;17;10010679584;S
20240402;100934;568.2;1;10010679596;S
20240402;100938;568.4;2;10010680683;B
20240402;100938;568.4;106;10010680704;B
20240402;100938;568.4;707;10010680705;B
20240402;100938;568.45;28;10010680706;B
20240402;100938;568.45;216;10010680707;B
20240402;100938;568.45;395;10010680708;B
20240402;100938;568.5;1;10010680709;B
20240402;100938;568.5;47;10010680710;B
20240402;100939;568.35;107;10010680831;S
20240402;100939;568.3;216;10010680832;S
20240402;100939;568.25;82;10010680833;S
20240402;100939;568.25;125;10010680834;S
20240402;100939;568.2;528;10010680835;S
20240402;100939;568.2;200;10010680836;S
20240402;100939;568.15;60;10010680837;S
20240402;100939;568.15;100;10010680838;S
20240402;100939;568.15;100;10010680839;S
20240402;100939;568.15;100;10010680840;S
20240402;100939;568.1;500;10010680841;S
20240402;100939;568.1;500;10010680842;S
20240402;100939;568.1;500;10010680843;S
20240402;100939;568.1;300;10010680844;S
20240402;100939;568.1;200;10010680845;S
20240402;100939;568.1;100;10010680846;S
20240402;100939;568.05;300;10010680847;S
20240402;100939;568.05;1;10010680848;S
20240402;100939;568.05;395;10010680849;S
20240402;100939;568;60;10010680850;S
20240402;100939;568;30;10010680851;S
20240402;100939;568;200;10010680852;S
20240402;100939;568;296;10010680853;S
20240402;100941;568.3;1;10010681201;B
20240402;100941;568.3;2;10010681219;B
20240402;100941;568.3;1;10010681243;B
20240402;100945;568.3;12;10010682024;B
20240402;100945;568.3;169;10010682031;S
20240402;100945;568.45;10;10010682067;B
20240402;100946;568.4;100;10010682147;S
20240402;100946;568.5;32;10010682165;B
20240402;100947;568.5;28;10010682368;B
20240402;100947;568.55;2;10010682369;B
20240402;100950;568.55;1;10010683106;B
20240402;100952;568.45;1;10010683409;S
20240402;100953;568.55;50;10010683498;B
20240402;100953;568.5;10;10010683519;S
20240402;100953;568.45;140;10010683520;S
20240402;100953;568.45;75;10010683526;S
20240402;100953;568.45;103;10010683527;S
20240402;100953;568.45;80;10010683573;B
20240402;100953;568.45;242;10010683662;B
20240402;100956;568.5;100;10010684231;S
20240402;100956;568.45;40;10010684260;S
20240402;100956;568.5;16;10010684323;B
20240402;100957;568.45;45;10010684474;S
20240402;100957;568.5;3;10010684543;B
20240402;100958;568.4;24;10010684626;S
20240402;100959;568.5;20;10010684842;B
20240402;100959;568.5;1;10010684861;B
20240402;101000;568.5;3;10010684971;B
20240402;101000;568.5;352;10010685017;B
20240402;101000;568.5;1;10010685044;S
20240402;101001;568.55;1;10010685116;B
20240402;101001;568.55;4;10010685118;B
20240402;101001;568.55;216;10010685119;B
20240402;101001;568.55;100;10010685142;S
20240402;101001;568.55;80;10010685288;S
20240402;101001;568.55;320;10010685289;S
20240402;101001;568.55;1;10010685322;S
20240402;101001;568.6;1;10010685329;B
20240402;101001;568.6;24;10010685334;B
20240402;101001;568.6;6;10010685335;B
20240402;101002;568.55;100;10010685495;S
20240402;101002;568.55;4;10010685527;S
20240402;101003;568.6;4;10010685728;B
20240402;101004;568.6;1;10010685759;B
20240402;101006;568.6;1;10010686024;B
20240402;101006;568.6;44;10010686188;B
20240402;101007;568.6;70;10010686253;B
20240402;101007;568.55;100;10010686255;S
20240402;101007;568.6;90;10010686283;B
20240402;101007;568.65;102;10010686284;B
20240402;101007;568.65;18;10010686285;B
20240402;101008;568.6;100;10010686426;S
20240402;101009;568.6;100;10010686707;S
20240402;101010;568.65;5;10010686765;B
20240402;101010;568.65;2;10010686857;B
20240402;101011;568.6;1;10010686977;S
20240402;101011;568.6;99;10010686978;S
20240402;101011;568.65;20;10010686993;S
20240402;101011;568.7;10;10010687050;B
20240402;101012;568.7;1;10010687182;B
20240402;101012;568.65;100;10010687285;S
20240402;101013;568.7;205;10010687345;B
20240402;101013;568.7;28;10010687346;B
20240402;101013;568.75;1;10010687378;B
20240402;101014;568.75;10;10010687537;B
20240402;101014;568.75;15;10010687634;B
20240402;101014;568.7;63;10010687674;S
20240402;101015;568.7;1;10010687707;S
20240402;101016;568.75;5;10010688056;B
20240402;101016;568.75;50;10010688151;B
20240402;101017;568.75;20;10010688598;B
20240402;101019;568.7;150;10010688993;S
20240402;101019;568.75;1;10010689047;B
20240402;101019;568.75;12;10010689050;B
20240402;101019;568.75;26;10010689163;B
20240402;101019;568.75;44;10010689164;B
20240402;101020;568.7;1;10010689454;S
20240402;101021;568.75;31;10010689563;B
20240402;101021;568.7;2;10010689649;S
20240402;101021;568.7;23;10010689650;S
20240402;101022;568.75;14;10010689788;B
20240402;101023;568.75;12;10010690053;B
20240402;101024;568.75;3;10010690215;B
20240402;101024;568.7;2;10010690225;S
20240402;101025;568.7;1;10010690564;S
20240402;101025;568.75;3;10010690616;B
20240402;101026;568.75;50;10010690719;B
20240402;101026;568.75;20;10010690866;B
20240402;101027;568.75;3;10010691054;B
20240402;101028;568.75;10;10010691242;B
20240402;101028;568.7;15;10010691281;S
20240402;101029;568.7;4;10010691479;S
20240402;101029;568.75;10;10010691608;B
20240402;101030;568.7;18;10010691760;S
20240402;101030;568.7;32;10010691761;S
20240402;101030;568.75;2;10010691807;B
20240402;101031;568.7;1;10010691834;S
20240402;101031;568.7;52;10010691835;S
20240402;101031;568.7;1;10010691931;B
20240402;101031;568.7;62;10010692001;B
20240402;101031;568.7;2;10010692010;B
20240402;101032;568.7;22;10010692091;B
20240402;101032;568.7;1;10010692177;B
20240402;101033;568.7;52;10010692248;B
20240402;101033;568.7;395;10010692249;B
20240402;101033;568.7;53;10010692250;B
20240402;101033;568.7;28;10010692291;B
20240402;101034;568.7;112;10010692509;B
20240402;101034;568.7;159;10010692510;B
20240402;101034;568.7;2;10010692554;B
20240402;101034;568.7;140;10010692561;B
20240402;101034;568.7;100;10010692602;S
20240402;101035;568.7;4;10010692652;S
20240402;101036;568.75;14;10010692908;B
20240402;101036;568.75;140;10010692909;B
20240402;101036;568.75;99;10010692910;B
20240402;101037;568.8;2;10010693100;B
20240402;101037;568.75;1;10010693130;S
20240402;101038;568.8;138;10010693222;B
20240402;101038;568.8;216;10010693223;B
20240402;101039;568.85;1;10010693398;B
20240402;101040;568.8;146;10010693608;S
20240402;101040;568.85;1;10010693615;B
20240402;101040;568.85;1;10010693616;B
20240402;101040;568.8;10;10010693628;S
20240402;101040;568.85;9;10010693742;B
20240402;101041;568.85;130;10010693825;B
20240402;101041;568.85;99;10010693826;B
20240402;101041;568.85;216;10010693827;B
20240402;101041;568.85;41;10010693828;B
20240402;101041;568.85;100;10010693829;B
20240402;101041;568.85;50;10010693849;B
20240402;101042;568.85;50;10010694043;B
20240402;101042;568.8;9;10010694093;S
20240402;101042;568.85;1;10010694122;B
20240402;101042;568.8;54;10010694134;S
20240402;101043;568.85;153;10010694261;B
20240402;101043;568.85;140;10010694262;B
20240402;101043;568.85;216;10010694263;B
20240402;101043;568.9;3;10010694264;B
20240402;101043;568.9;58;10010694265;B
20240402;101045;568.85;90;10010694557;S
20240402;101046;568.9;4;10010694686;B
20240402;101046;568.85;38;10010694693;S
20240402;101047;568.9;78;10010694908;B
20240402;101047;568.9;180;10010694909;B
20240402;101047;568.9;216;10010694910;B
20240402;101047;568.9;26;10010694911;B
20240402;101048;568.9;5;10010694951;B
20240402;101048;568.9;9;10010694968;B
20240402;101048;568.9;6;10010695033;B
20240402;101049;568.85;100;10010695192;S
20240402;101050;568.85;2;10010695402;S
20240402;101050;568.9;120;10010695486;B
20240402;101050;568.9;216;10010695487;B
20240402;101050;568.9;6;10010695505;S
20240402;101050;568.9;100;10010695529;S
20240402;101051;568.9;58;10010695614;S
20240402;101051;568.9;42;10010695615;S
20240402;101051;568.95;1;10010695720;B
20240402;101051;568.9;100;10010695778;S
20240402;101052;568.9;100;10010695921;S
20240402;101052;568.95;10;10010695956;B
20240402;101052;568.95;1;10010695960;B
20240402;101053;568.85;100;10010696004;S
20240402;101053;568.9;100;10010696097;S
20240402;101054;568.95;200;10010696140;B
20240402;101054;568.95;1;10010696162;B
20240402;101054;568.9;100;10010696205;S
20240402;101055;568.9;154;10010696284;S
20240402;101056;568.9;1;10010696447;S
20240402;101056;568.95;1;10010696483;B
20240402;101056;568.95;2;10010696536;B
20240402;101056;568.95;5;10010696636;B
20240402;101056;568.9;91;10010696674;S
20240402;101056;568.9;70;10010696675;S
20240402;101056;568.85;98;10010696676;S
20240402;101056;568.8;44;10010696677;S
20240402;101056;568.8;97;10010696678;S
20240402;101057;568.8;100;10010696699;S
20240402;101057;568.9;216;10010696762;B
20240402;101057;568.9;99;10010696763;B
20240402;101057;568.9;226;10010696764;B
20240402;101057;568.9;100;10010696772;S
20240402;101057;568.9;1;10010696797;S
20240402;101057;568.95;2;10010696798;B
20240402;101057;568.9;358;10010696808;S
20240402;101057;568.9;200;10010696809;S
20240402;101057;568.85;99;10010696810;S
20240402;101057;568.8;3;10010696811;S
20240402;101057;568.8;77;10010696812;S
20240402;101057;568.8;10;10010696813;S
20240402;101057;568.75;20;10010696814;S
20240402;101057;568.75;528;10010696815;S
20240402;101057;568.7;500;10010696816;S
20240402;101057;568.7;1;10010696817;S
20240402;101057;568.7;1;10010696818;S
