<DATE>;<TIME>;<LAST>;<VOL>;<ID>;<OPER>
20240417;095936;589.15;1;10136988368;S
20240417;095936;589.15;20;10136988369;S
20240417;095936;589.15;4;10136988370;S
20240417;095936;589.15;1;10136988371;B
20240417;095936;589.15;24;10136988372;B
20240417;095936;589.15;7;10136988373;B
20240417;095936;589.15;20;10136988374;B
20240417;095936;589.15;1;10136988375;S
20240417;095936;589.15;5;10136988376;S
20240417;095936;589.15;3;10136988377;S
20240417;095936;589.15;1;10136988378;S
20240417;095936;589.15;46;10136988379;S
20240417;095936;589.15;1;10136988380;S
20240417;095936;589.15;3;10136988381;S
20240417;095936;589.15;16;10136988382;S
20240417;095936;589.15;2;10136988383;S
20240417;095936;589.15;282;10136988384;S
20240417;095936;589.15;5;10136988385;S
20240417;095936;589.15;1;10136988386;S
20240417;095936;589.15;60;10136988387;S
20240417;095936;589.15;10;10136988388;S
20240417;095936;589.15;10;10136988389;S
20240417;095936;589.15;19;10136988390;S
20240417;095936;589.15;2;10136988391;S
20240417;095936;589.15;2;10136988392;S
20240417;095936;589.15;20;10136988393;S
20240417;095936;589.15;1;10136988394;S
20240417;095936;589.15;10;10136988395;S
20240417;095936;589.15;5;10136988396;S
20240417;095936;589.15;1;10136988397;S
20240417;095936;589.15;195;10136988398;S
20240417;095936;589.15;50;10136988399;S
20240417;095936;589.15;2;10136988400;B
20240417;095936;589.15;1;10136988401;B
20240417;095936;589.15;1;10136988402;B
20240417;095936;589.15;1;10136988403;B
20240417;095936;589.15;2;10136988404;S
20240417;095936;589.15;1;10136988405;B
20240417;095936;589.15;1;10136988406;S
20240417;095936;589.15;3;10136988407;S
20240417;095936;589.15;10;10136988408;S
20240417;095936;589.15;8;10136988409;S
20240417;095936;589.15;537;10136988410;S
20240417;095936;589.15;55;10136988411;B
20240417;095936;589.15;18;10136988412;B
20240417;095936;589.15;2;10136988413;B
20240417;095936;589.15;1;10136988414;B
20240417;095936;589.15;1;10136988415;B
20240417;095936;589.15;1;10136988416;B
20240417;095936;589.15;1;10136988417;B
20240417;095936;589.15;2;10136988418;B
20240417;095936;589.15;682;10136988419;B
20240417;095936;589.15;1;10136988420;S
20240417;095936;589.15;10;10136988421;S
20240417;095936;589.15;2;10136988422;B
20240417;095936;589.15;1;10136988423;S
20240417;095936;589.15;5;10136988424;B
20240417;095936;589.15;200;10136988425;S
20240417;095936;589.15;10;10136988426;S
20240417;095936;589.15;5;10136988427;S
20240417;095936;589.15;10;10136988428;B
20240417;095936;589.15;50;10136988429;S
20240417;095936;589.15;26;10136988430;B
20240417;095936;589.15;74;10136988431;B
20240417;095936;589.15;40;10136988432;S
20240417;095936;589.15;2;10136988433;B
20240417;095936;589.15;2;10136988434;B
20240417;095936;589.15;1;10136988435;B
20240417;095936;589.15;1;10136988436;B
20240417;095936;589.15;1;10136988437;B
20240417;095936;589.15;5;10136988438;B
20240417;095936;589.15;14;10136988439;B
20240417;095936;589.15;1;10136988440;B
20240417;095936;589.15;3;10136988441;B
20240417;095936;589.15;57;10136988442;B
20240417;095936;589.15;1;10136988443;B
20240417;095936;589.15;1;10136988444;B
20240417;095936;589.15;1;10136988445;B
20240417;095936;589.15;2;10136988446;B
20240417;095936;589.15;1;10136988447;B
20240417;095936;589.15;1;10136988448;B
20240417;095936;589.15;1;10136988449;B
20240417;095936;589.15;9;10136988450;B
20240417;095936;589.15;83;10136988451;B
20240417;095936;589.15;13;10136988452;B
20240417;095936;589.15;1;10136988453;B
20240417;095936;589.15;17;10136988454;B
20240417;095936;589.15;3;10136988455;B
20240417;095936;589.15;3;10136988456;B
20240417;095936;589.15;9;10136988457;B
20240417;095936;589.15;5;10136988458;B
20240417;095936;589.15;1;10136988459;B
20240417;095936;589.15;2;10136988460;B
20240417;095936;589.15;1;10136988461;B
20240417;095936;589.15;3;10136988462;B
20240417;095936;589.15;1;10136988463;B
20240417;095936;589.15;6;10136988464;B
20240417;095936;589.15;1;10136988465;B
20240417;095936;589.15;4;10136988466;B
20240417;095936;589.15;1;10136988467;B
20240417;095936;589.15;1;10136988468;B
20240417;095936;589.15;1;10136988469;B
20240417;095936;589.15;2;10136988470;B
20240417;095936;589.15;2;10136988471;B
20240417;095936;589.15;3;10136988472;B
20240417;095936;589.15;2;10136988473;S
20240417;095936;589.15;2;10136988474;B
20240417;095936;589.15;2;10136988475;B
20240417;100000;589.2;266;10136994719;B
20240417;100000;589.25;1;10136994724;B
20240417;100000;589.25;1;10136994725;B
20240417;100000;589.25;12;10136994726;B
20240417;100000;589.3;3;10136994787;B
20240417;100000;589.5;1;10136994918;B
20240417;100000;589.55;100;10136994953;B
20240417;100000;589.55;101;10136994954;B
20240417;100000;589.75;1;10136995058;B
20240417;100000;589.75;1;10136995059;B
20240417;100000;589.75;20;10136995060;B
20240417;100000;590;111;10136995169;B
20240417;100000;590;2;10136995170;B
20240417;100000;590;1;10136995171;B
20240417;100000;590;120;10136995172;B
20240417;100000;590;85;10136995182;B
20240417;100000;590;1;10136995183;B
20240417;100001;590;1;10136995705;B
20240417;100001;590;3;10136995706;B
20240417;100001;590;473;10136995707;B
20240417;100001;590;2;10136995959;B
20240417;100002;589.8;100;10136997116;S
20240417;100002;590;500;10136997404;B
20240417;100002;590;40;10136997560;B
20240417;100003;589.8;1;10136998354;S
20240417;100004;589.85;8;10136999058;S
20240417;100005;590;10;10136999529;B
20240417;100006;590;1;10137000262;B
20240417;100006;590;2;10137000268;B
20240417;100006;590;2;10137000270;B
20240417;100006;590;1;10137000273;B
20240417;100006;590;1;10137000277;B
20240417;100006;590;1;10137000278;B
20240417;100006;590;1;10137000284;B
20240417;100006;590;2;10137000288;B
20240417;100006;589.95;1;10137000470;S
20240417;100006;590;1;10137000471;B
20240417;100006;589.95;2;10137000473;S
20240417;100006;590;2;10137000481;B
20240417;100006;589.85;1;10137000482;S
20240417;100006;589.85;2;10137000485;S
20240417;100006;590;2;10137000486;B
20240417;100006;590;1;10137000489;B
20240417;100006;589.85;2;10137000491;S
20240417;100006;590;1;10137000493;B
20240417;100006;590;1;10137000494;B
20240417;100006;590;1;10137000762;B
20240417;100007;589.85;310;10137001065;S
20240417;100007;589.7;1;10137001068;S
20240417;100007;590;1;10137001072;B
20240417;100007;589.75;33;10137001074;S
20240417;100007;589.75;381;10137001075;S
20240417;100007;589.65;1;10137001077;S
20240417;100007;589.75;86;10137001078;B
20240417;100007;589.75;1;10137001549;S
20240417;100007;589.75;2;10137001573;S
20240417;100007;589.75;1;10137001577;S
20240417;100007;589.95;1;10137001580;B
20240417;100007;589.95;1;10137001582;B
20240417;100007;589.75;2;10137001593;S
20240417;100007;589.75;2;10137001602;S
20240417;100007;589.75;16;10137001604;S
20240417;100007;589.75;2;10137001609;S
20240417;100007;589.75;2;10137001612;S
20240417;100007;589.75;2;10137001618;S
20240417;100007;589.75;2;10137001620;S
20240417;100007;589.75;3;10137001622;S
20240417;100007;589.95;3;10137001624;B
20240417;100007;589.95;2;10137001637;B
20240417;100007;589.95;1;10137001644;B
20240417;100007;589.95;1;10137001650;B
20240417;100007;589.95;1;10137001651;B
20240417;100007;589.75;1;10137001694;S
20240417;100007;589.65;2;10137001979;S
20240417;100007;589.95;1;10137001983;B
20240417;100007;589.95;1;10137001985;B
20240417;100007;589.95;1;10137001986;B
20240417;100007;589.65;1;10137001991;S
20240417;100007;589.95;1;10137001994;B
20240417;100007;589.65;1;10137001995;S
20240417;100007;589.95;1;10137001996;B
20240417;100007;589.95;2;10137001997;B
20240417;100007;589.65;1;10137001999;S
20240417;100007;589.95;10;10137002003;B
20240417;100007;589.65;3;10137002004;S
20240417;100007;589.95;2;10137002005;B
20240417;100007;589.95;3;10137002007;B
20240417;100007;589.95;1;10137002009;B
20240417;100007;590;1;10137002022;B
20240417;100007;589.65;1;10137002023;S
20240417;100007;589.65;2;10137002028;S
20240417;100007;589.95;1;10137002030;B
20240417;100007;589.65;2;10137002031;S
20240417;100007;589.65;2;10137002034;S
20240417;100007;589.95;1;10137002057;B
20240417;100007;589.65;9;10137002083;S
20240417;100008;589.95;1;10137002565;B
20240417;100008;589.95;2;10137002566;B
20240417;100008;589.7;2;10137002567;S
20240417;100008;589.7;1;10137002568;S
20240417;100008;589.95;1;10137002569;B
20240417;100008;589.95;1;10137002571;B
20240417;100008;589.95;2;10137002572;B
20240417;100008;589.7;2;10137002573;S
20240417;100008;589.95;1;10137002718;B
20240417;100008;589.95;1;10137002720;B
20240417;100008;589.95;1;10137002721;B
20240417;100008;589.7;1;10137002722;S
20240417;100008;589.95;1;10137002724;B
20240417;100008;589.95;1;10137002726;B
20240417;100008;589.7;3;10137002727;S
20240417;100008;589.7;1;10137002728;S
20240417;100008;589.7;2;10137002729;S
20240417;100008;589.7;2;10137002731;S
20240417;100008;589.95;1;10137002732;B
20240417;100008;589.7;2;10137002733;S
20240417;100008;589.7;2;10137002734;S
20240417;100008;589.7;2;10137002735;S
20240417;100008;589.95;1;10137002736;B
20240417;100008;589.65;2;10137003082;S
20240417;100008;589.65;1;10137003084;S
20240417;100008;589.65;2;10137003087;S
20240417;100008;589.65;1;10137003091;S
20240417;100008;589.65;2;10137003098;S
20240417;100008;589.95;1;10137003115;B
20240417;100008;589.65;1;10137003121;S
20240417;100009;589.95;4;10137003367;B
20240417;100009;589.55;2;10137003375;S
20240417;100009;589.95;1;10137003378;B
20240417;100009;589.95;1;10137003381;B
20240417;100009;589.55;1;10137003386;S
20240417;100009;589.95;1;10137003390;B
20240417;100009;589.55;1;10137003394;S
20240417;100009;589.55;1;10137003397;S
20240417;100009;589.55;2;10137003400;S
20240417;100009;589.95;1;10137003416;B
20240417;100009;589.55;2;10137003431;S
20240417;100009;589.95;1;10137003434;B
20240417;100009;589.95;1;10137003437;B
20240417;100009;589.55;1;10137003438;S
20240417;100009;589.55;2;10137003440;S
20240417;100009;589.95;1;10137003441;B
20240417;100009;589.95;2;10137003442;B
20240417;100009;589.95;1;10137003444;B
20240417;100009;589.55;2;10137003447;S
20240417;100009;589.55;1;10137003451;S
20240417;100009;589.55;1;10137003454;S
20240417;100009;589.55;2;10137003459;S
20240417;100009;589.55;2;10137003461;S
20240417;100009;589.55;2;10137003464;S
20240417;100009;589.95;1;10137003469;B
20240417;100009;589.95;1;10137003643;B
20240417;100009;589.75;1;10137003645;S
20240417;100009;589.95;2;10137003650;B
20240417;100009;589.55;2;10137003666;S
20240417;100009;589.95;1;10137003671;B
20240417;100009;589.95;1;10137003673;B
20240417;100009;589.95;1;10137003677;B
20240417;100009;589.55;1;10137003682;S
20240417;100009;589.95;2;10137003689;B
20240417;100009;589.95;2;10137003694;B
20240417;100009;589.55;2;10137003700;S
20240417;100009;589.95;1;10137003713;B
20240417;100009;589.65;4;10137003902;S
20240417;100009;589.95;1;10137003905;B
20240417;100009;589.65;2;10137003907;S
20240417;100009;589.65;2;10137003908;S
20240417;100009;589.65;2;10137003911;S
20240417;100009;589.65;4;10137003913;S
20240417;100009;589.65;1;10137003915;S
20240417;100009;589.65;2;10137003918;S
20240417;100009;589.95;1;10137003921;B
20240417;100009;589.65;3;10137003926;S
20240417;100009;589.7;1;10137004225;S
20240417;100009;589.65;7;10137004226;S
20240417;100009;589.6;1;10137004229;S
20240417;100009;589.6;8;10137004231;S
20240417;100009;589.95;21;10137004246;B
20240417;100009;590;179;10137004247;B
20240417;100009;589.6;1;10137004250;S
20240417;100009;589.95;1;10137004257;B
20240417;100009;589.6;2;10137004270;S
20240417;100009;589.6;1;10137004275;S
20240417;100009;589.6;3;10137004281;S
20240417;100009;589.6;2;10137004285;S
20240417;100009;589.95;1;10137004291;B
20240417;100009;589.95;1;10137004301;B
20240417;100009;589.6;2;10137004404;S
20240417;100009;589.95;1;10137004406;B
20240417;100009;589.6;14;10137004407;S
20240417;100009;589.6;2;10137004408;S
20240417;100009;589.6;58;10137004409;S
20240417;100009;589.95;2;10137004411;B
20240417;100009;589.6;2;10137004413;S
20240417;100010;589.95;1;10137004595;B
20240417;100010;589.8;1;10137005134;S
20240417;100010;589.75;1;10137005135;S
20240417;100010;589.95;1;10137005144;B
20240417;100010;589.95;1;10137005150;B
20240417;100010;589.95;2;10137005160;B
20240417;100010;589.95;1;10137005169;B
20240417;100010;589.65;2;10137005178;S
20240417;100010;589.95;2;10137005188;B
20240417;100010;589.7;3;10137005517;S
20240417;100010;589.95;8;10137005526;B
20240417;100010;590;2;10137005527;B
20240417;100010;589.95;2;10137005533;B
20240417;100010;589.7;1;10137005540;S
20240417;100010;589.95;1;10137005546;B
20240417;100010;589.95;1;10137005551;B
20240417;100010;590;2;10137005555;B
20240417;100010;590;1;10137005560;B
20240417;100010;590;1;10137005573;B
20240417;100010;589.7;2;10137005579;S
20240417;100010;590;1;10137005585;B
20240417;100010;589.7;1;10137005591;S
20240417;100010;589.7;1;10137005592;S
20240417;100010;589.7;1;10137005602;S
20240417;100010;589.7;2;10137005604;S
20240417;100010;589.7;1;10137005609;S
20240417;100010;589.7;1;10137005612;S
20240417;100010;589.7;19;10137005613;S
20240417;100010;589.95;1;10137005619;B
20240417;100010;589.95;1;10137005620;B
20240417;100010;589.7;1;10137005623;S
20240417;100010;589.7;1;10137005624;S
20240417;100010;589.95;1;10137005625;B
20240417;100010;589.7;2;10137005626;S
20240417;100010;589.95;2;10137005629;B
20240417;100010;589.95;1;10137005630;B
20240417;100010;589.75;1;10137005633;S
20240417;100010;589.95;1;10137005639;B
20240417;100010;589.75;1;10137005641;S
20240417;100010;589.95;1;10137005643;B
20240417;100010;589.75;2;10137005644;S
20240417;100010;589.75;1;10137005646;S
20240417;100010;589.75;2;10137005647;S
20240417;100010;589.95;1;10137005648;B
20240417;100010;589.75;1;10137005651;S
20240417;100010;589.75;1;10137005654;S
20240417;100010;589.75;2;10137005656;S
20240417;100010;589.75;1;10137005657;S
20240417;100010;589.95;1;10137005659;B
20240417;100010;589.95;1;10137005664;B
20240417;100010;589.95;2;10137005665;B
20240417;100010;589.75;2;10137005669;S
20240417;100010;589.95;1;10137005671;B
20240417;100010;589.95;14;10137005919;B
20240417;100010;590;2;10137005920;B
20240417;100011;589.75;1;10137006054;S
20240417;100011;589.9;1;10137006203;B
20240417;100011;589.95;15;10137006204;B
20240417;100011;590;74;10137006205;B
20240417;100011;589.8;1;10137006382;S
20240417;100011;589.8;2;10137006384;S
20240417;100011;589.95;1;10137006385;B
20240417;100011;589.8;2;10137006387;S
20240417;100011;589.8;2;10137006388;S
20240417;100011;589.8;2;10137006390;S
20240417;100011;589.8;2;10137006396;S
20240417;100011;589.8;200;10137006398;S
20240417;100011;590;1;10137006399;B
20240417;100011;589.8;2;10137006402;S
20240417;100011;590;1;10137006404;B
20240417;100011;590;1;10137006406;B
20240417;100011;590;1;10137006407;B
20240417;100013;589.8;100;10137007312;S
20240417;100013;589.8;68;10137007313;S
20240417;100014;589.8;1;10137007716;B
20240417;100014;589.65;1;10137007787;S
20240417;100014;589.65;8;10137007790;S
20240417;100015;589.65;8;10137007808;S
20240417;100015;589.65;4;10137008011;S
20240417;100016;589.8;1;10137008275;B
20240417;100017;589.8;25;10137008533;B
20240417;100018;589.8;2;10137008743;B
20240417;100020;589.8;1;10137009274;B
20240417;100020;589.8;1;10137009317;B
20240417;100022;589.8;1;10137009880;B
20240417;100024;589.8;5;10137010301;B
20240417;100024;589.8;335;10137010306;B
20240417;100024;589.8;60;10137010307;B
20240417;100025;589.95;1;10137010484;B
20240417;100025;589.95;381;10137010485;B
20240417;100025;590;118;10137010486;B
20240417;100027;590;1;10137011031;B
20240417;100029;590;568;10137011454;B
20240417;100029;590;1;10137011455;B
20240417;100029;590;31;10137011456;B
20240417;100029;590;5;10137011457;B
20240417;100029;590;5;10137011458;B
20240417;100029;590;69;10137011459;B
20240417;100031;589.8;1;10137011872;S
20240417;100032;590;3;10137012267;B
20240417;100033;589.8;3;10137012334;S
20240417;100034;590;28;10137012680;B
20240417;100034;590.05;3;10137012681;B
20240417;100034;590.1;88;10137012682;B
20240417;100035;589.8;1;10137012730;S
20240417;100035;589.8;4;10137012731;S
20240417;100035;590.1;1;10137013029;B
20240417;100036;589.85;2;10137013141;S
20240417;100037;589.85;4;10137013321;S
20240417;100037;589.85;2;10137013370;S
20240417;100037;589.85;1;10137013400;S
20240417;100038;589.85;4;10137013646;S
20240417;100038;589.85;1;10137013744;S
20240417;100038;590;100;10137013784;B
20240417;100038;589.8;16;10137013859;S
20240417;100038;589.8;84;10137013860;S
20240417;100041;589.95;1;10137014398;B
20240417;100041;590;65;10137014531;B
20240417;100041;590.05;2;10137014532;B
20240417;100041;590.05;7;10137014533;B
20240417;100041;590.1;168;10137014534;B
20240417;100042;590.1;4;10137014779;B
20240417;100042;590.1;239;10137014933;B
20240417;100042;590.15;12;10137014934;B
20240417;100042;590.2;1;10137014935;B
20240417;100042;590.2;274;10137014936;B
20240417;100043;590.25;200;10137014937;B
20240417;100043;590.25;203;10137014938;B
20240417;100043;590.25;197;10137014939;S
20240417;100043;590.35;15;10137015066;B
20240417;100044;590.3;2;10137015446;B
20240417;100045;590.3;2;10137015560;B
20240417;100045;590.3;1;10137015561;B
20240417;100045;590.35;9;10137015562;B
20240417;100045;590.3;60;10137015755;B
20240417;100045;590.3;277;10137015756;B
20240417;100046;589.95;100;10137015892;S
20240417;100046;590;2;10137015947;B
20240417;100047;589.95;4;10137016131;S
20240417;100047;590;5;10137016264;B
20240417;100048;590;2;10137016531;B
20240417;100048;590;1;10137016535;B
20240417;100049;590;1;10137016608;B
20240417;100049;589.9;170;10137016732;S
20240417;100049;589.9;80;10137016733;S
20240417;100050;589.95;5;10137017048;S
20240417;100050;589.95;20;10137017061;S
20240417;100051;590;27;10137017266;B
20240417;100051;589.9;24;10137017302;S
20240417;100051;589.9;1;10137017487;S
20240417;100052;590;2;10137017635;B
20240417;100052;590;160;10137017729;B
20240417;100052;590.05;33;10137017783;S
20240417;100052;590.05;1;10137017784;S
20240417;100053;590.25;7;10137017928;B
20240417;100053;590.25;1;10137018047;B
20240417;100053;590.05;1;10137018142;S
20240417;100053;590.2;203;10137018176;B
20240417;100053;590.25;25;10137018177;B
20240417;100053;590.25;98;10137018178;B
20240417;100055;590;5;10137018708;B
20240417;100055;590;12;10137018757;B
20240417;100056;590;1;10137018933;B
20240417;100057;589.9;1;10137019196;S
20240417;100057;590;5;10137019296;B
20240417;100057;590;177;10137019316;B
20240417;100057;590.25;203;10137019317;B
20240417;100057;590.25;510;10137019318;B
20240417;100057;590.3;203;10137019319;B
20240417;100057;590.3;357;10137019320;B
20240417;100057;590.05;1;10137019400;S
20240417;100058;590.05;32;10137019545;S
20240417;100058;590.05;139;10137019546;S
20240417;100101;590.3;1;10137020319;B
20240417;100101;590.05;32;10137020350;S
20240417;100103;590.05;170;10137020579;S
20240417;100103;590;50;10137020580;S
20240417;100103;590.2;19;10137020782;B
20240417;100106;590.2;31;10137021398;B
20240417;100108;590.15;1;10137021792;S
20240417;100109;590.2;1;10137022252;B
20240417;100110;590.15;381;10137022462;S
20240417;100110;590.1;62;10137022463;S
20240417;100110;590.05;170;10137022464;S
20240417;100110;590.05;374;10137022465;S
20240417;100110;590.05;13;10137022466;S
20240417;100110;590.2;10;10137022472;B
20240417;100111;590.2;1;10137022543;B
20240417;100111;590.05;50;10137022861;S
20240417;100112;590.05;20;10137023025;S
20240417;100112;590.2;1;10137023219;B
20240417;100113;590.05;2;10137023295;S
20240417;100113;590.2;1;10137023490;B
20240417;100114;590.15;1;10137023681;B
20240417;100114;590.1;1;10137023689;B
20240417;100115;590.1;1;10137023927;B
20240417;100116;590.05;1;10137023989;S
20240417;100116;590.1;2;10137023994;B
20240417;100116;590.05;10;10137024039;S
20240417;100117;590.05;1;10137024091;S
20240417;100121;590.1;3;10137024821;B
20240417;100123;590.05;8;10137025087;S
20240417;100123;590.05;2;10137025092;S
20240417;100124;590.05;10;10137025345;S
20240417;100124;590.1;5;10137025370;B
20240417;100124;590.1;5;10137025371;B
20240417;100124;590.1;5;10137025372;B
20240417;100124;590.1;5;10137025373;B
20240417;100124;590.1;5;10137025374;B
20240417;100124;590.1;5;10137025375;B
20240417;100124;590.1;2;10137025388;B
20240417;100125;590.1;3;10137025530;B
20240417;100125;590.1;5;10137025531;B
20240417;100125;590.1;5;10137025532;B
20240417;100125;590.1;5;10137025533;B
20240417;100125;590.1;5;10137025534;B
20240417;100125;590.1;5;10137025535;B
20240417;100125;590.1;5;10137025536;B
20240417;100125;590.1;5;10137025537;B
20240417;100125;590.1;5;10137025538;B
20240417;100125;590.1;5;10137025539;B
20240417;100126;590.1;3;10137025764;S
20240417;100128;590.15;4;10137025983;B
20240417;100129;590.1;8;10137026306;S
20240417;100129;590.15;1;10137026323;B
20240417;100131;590.1;1;10137026776;S
20240417;100132;590.1;7;10137026944;S
20240417;100132;590.1;1;10137026958;S
20240417;100133;590.1;21;10137027085;S
20240417;100134;590.15;2;10137027151;B
20240417;100134;590.15;1;10137027234;B
20240417;100135;590.1;10;10137027305;S
20240417;100135;590.1;26;10137027320;S
20240417;100135;590.1;15;10137027321;S
20240417;100135;590.1;59;10137027322;S
20240417;100137;590;2;10137027720;S
20240417;100137;590;598;10137027721;S
20240417;100139;590.15;1;10137027958;B
20240417;100140;590.2;2;10137028022;B
20240417;100140;590.15;4;10137028224;S
20240417;100142;590.2;1;10137028742;B
20240417;100143;590.2;3;10137028873;B
20240417;100146;590.2;4;10137029327;B
20240417;100146;590.15;3;10137029451;S
20240417;100146;590.1;60;10137029452;S
20240417;100147;590.1;65;10137029770;B
20240417;100149;590.05;1;10137030178;S
20240417;100150;590.1;6;10137030380;B
20240417;100151;590.1;1;10137030552;B
20240417;100151;590.1;2;10137030595;B
20240417;100152;590.05;20;10137030868;S
20240417;100153;590.1;9;10137030895;B
20240417;100153;590.05;1;10137030911;S
20240417;100153;590.05;3;10137031036;S
20240417;100153;590.1;5;10137031048;B
20240417;100155;590.1;5;10137031328;B
20240417;100156;590.05;1;10137031571;S
20240417;100157;590.1;1;10137031656;B
20240417;100158;590.05;7;10137031721;S
20240417;100158;590.05;9;10137031800;S
20240417;100159;590.05;4;10137031900;S
20240417;100159;590.1;243;10137031951;B
20240417;100159;590.1;10;10137031952;B
20240417;100159;590.1;9;10137032005;S
20240417;100159;590.1;2;10137032152;S
20240417;100200;590.2;26;10137032172;B
20240417;100200;590.2;5;10137032173;B
20240417;100200;590.2;5;10137032174;B
20240417;100200;590.2;5;10137032175;B
20240417;100200;590.2;5;10137032176;B
20240417;100200;590.2;5;10137032177;B
20240417;100200;590.2;5;10137032178;B
20240417;100200;590.2;5;10137032179;B
20240417;100200;590.2;1;10137032180;B
20240417;100200;590.2;10;10137032181;B
20240417;100200;590.2;59;10137032182;B
20240417;100200;590.2;5;10137032183;B
20240417;100200;590.25;32;10137032185;B
20240417;100200;590.25;5;10137032186;B
20240417;100201;590.3;5;10137032597;B
20240417;100201;590.35;5;10137032598;B
20240417;100201;590.35;1;10137032599;B
20240417;100201;590.35;2;10137032709;S
20240417;100201;590.4;1;10137032786;B
20240417;100202;590.4;4;10137032846;B
20240417;100202;590.45;63;10137032847;B
20240417;100202;590.45;67;10137032848;B
20240417;100202;590.45;5;10137032849;B
20240417;100202;590.45;20;10137032850;B
20240417;100203;590.5;40;10137033034;B
20240417;100203;590.5;15;10137033035;B
20240417;100203;590.5;200;10137033036;B
20240417;100203;590.5;100;10137033037;B
20240417;100203;590.5;100;10137033038;B
20240417;100203;590.5;100;10137033039;B
20240417;100203;590.5;100;10137033040;B
20240417;100203;590.5;2;10137033073;B
20240417;100203;590.5;430;10137033077;B
20240417;100203;590.5;12;10137033084;B
20240417;100203;590.5;11;10137033097;B
20240417;100203;590.4;11;10137033176;S
20240417;100203;590.3;9;10137033177;S
20240417;100204;590.25;1;10137033294;S
20240417;100205;590.4;7;10137033507;B
20240417;100209;590.3;2;10137034285;B
20240417;100209;590.35;100;10137034286;B
20240417;100209;590.35;60;10137034287;B
20240417;100209;590.4;338;10137034288;B
20240417;100212;590.4;1;10137034755;B
20240417;100217;590.4;5;10137035635;B
20240417;100218;590.4;5;10137035861;B
20240417;100220;590.4;5;10137036352;B
20240417;100224;590.35;8;10137037029;S
20240417;100225;590.4;2;10137037220;B
20240417;100226;590.4;52;10137037323;B
20240417;100226;590.45;12;10137037324;B
20240417;100226;590.45;1;10137037325;B
20240417;100226;590.45;58;10137037326;B
20240417;100226;590.5;277;10137037327;B
20240417;100227;590.5;150;10137037522;B
20240417;100227;590.4;53;10137037666;S
20240417;100227;590.35;17;10137037667;S
20240417;100227;590.35;25;10137037668;S
20240417;100227;590.3;5;10137037669;S
20240417;100229;590.5;2;10137037987;B
20240417;100231;590.5;1;10137038416;B
20240417;100235;590.4;2;10137040466;S
20240417;100235;590.4;1;10137040467;S
20240417;100235;590.35;26;10137040468;S
20240417;100235;590.3;6;10137040469;S
20240417;100237;590.5;116;10137040858;B
20240417;100239;590.5;20;10137041125;B
20240417;100241;590.5;1;10137041393;B
20240417;100241;590.5;1;10137041440;B
20240417;100242;590.5;1;10137041536;B
20240417;100245;590.5;2;10137041963;B
20240417;100245;590.45;4;10137042015;S
20240417;100245;590.45;1;10137042016;S
20240417;100247;590.5;6;10137042567;B
20240417;100247;590.5;1;10137042593;B
20240417;100249;590.5;1;10137043033;B
20240417;100250;590.5;1;10137043035;B
20240417;100250;590.45;12;10137043129;S
20240417;100250;590.45;16;10137043130;S
20240417;100250;590.5;10;10137043131;B
20240417;100253;590.5;16;10137043678;B
20240417;100256;590.5;293;10137044015;B
20240417;100256;590.5;5;10137044132;B
20240417;100256;590.5;15;10137044182;B
20240417;100258;590.4;2;10137044504;S
20240417;100258;590.4;4;10137044505;S
20240417;100258;590.4;2;10137044506;S
20240417;100258;590.4;11;10137044507;S
20240417;100258;590.4;2;10137044508;S
20240417;100258;590.4;12;10137044509;B
20240417;100259;590.35;10;10137044752;S
20240417;100300;590.5;1;10137045000;B
20240417;100300;590.5;9;10137045035;B
20240417;100301;590.5;1;10137045266;B
20240417;100301;590.5;5;10137045267;B
20240417;100301;590.5;5;10137045268;B
20240417;100301;590.5;4;10137045269;B
20240417;100305;590.5;1;10137046148;B
20240417;100305;590.5;1;10137046149;B
20240417;100305;590.5;1;10137046150;B
20240417;100305;590.5;1;10137046151;B
20240417;100305;590.5;100;10137046152;B
20240417;100306;590.55;5;10137046374;B
20240417;100306;590.55;9;10137046375;B
20240417;100306;590.5;1;10137046701;S
20240417;100306;590.6;5;10137046707;B
20240417;100307;590.6;6;10137046785;B
20240417;100307;590.6;29;10137046844;B
20240417;100307;590.65;5;10137046845;B
20240417;100307;590.65;26;10137046846;B
20240417;100309;590.7;5;10137047212;B
20240417;100309;590.7;50;10137047293;B
20240417;100309;590.7;5;10137047304;B
20240417;100309;590.7;25;10137047318;B
20240417;100310;590.7;4;10137047455;B
20240417;100311;590.65;1;10137047614;S
20240417;100311;590.7;4;10137047776;B
20240417;100312;590.65;56;10137047810;S
20240417;100312;590.65;44;10137047811;S
20240417;100313;590.7;16;10137048073;B
20240417;100313;590.7;1;10137048120;B
20240417;100313;590.7;2;10137048190;B
20240417;100314;590.7;5;10137048405;B
20240417;100315;590.7;1;10137048470;B
20240417;100315;590.7;36;10137048544;B
20240417;100315;590.65;1;10137048609;S
20240417;100316;590.65;125;10137048641;S
20240417;100316;590.65;57;10137048642;S
20240417;100316;590.6;18;10137048643;S
20240417;100316;590.65;3;10137048705;S
20240417;100316;590.65;19;10137048757;S
20240417;100316;590.65;100;10137048811;S
20240417;100317;590.7;346;10137048853;B
20240417;100317;590.7;8;10137048854;B
20240417;100317;590.7;1;10137048855;B
20240417;100317;590.7;1;10137048856;B
20240417;100317;590.7;5;10137048857;B
20240417;100317;590.7;203;10137048858;B
20240417;100318;590.65;4;10137048984;S
20240417;100318;590.75;1;10137049147;B
20240417;100320;590.75;1;10137049506;B
20240417;100321;590.65;5;10137049790;S
20240417;100324;590.7;3;10137050446;B
20240417;100326;590.6;1;10137050860;S
20240417;100328;590.7;10;10137051209;B
20240417;100328;590.7;10;10137051216;B
20240417;100328;590.7;1;10137051260;B
20240417;100329;590.7;1;10137051439;B
20240417;100329;590.65;1;10137051558;S
20240417;100329;590.7;16;10137051578;B
20240417;100330;590.65;4;10137051747;S
20240417;100330;590.65;1;10137051784;S
20240417;100330;590.7;132;10137051827;B
20240417;100330;590.7;57;10137051828;B
20240417;100330;590.75;3;10137051829;B
20240417;100330;590.75;539;10137051830;B
20240417;100335;590.65;2;10137052846;S
20240417;100337;590.75;2;10137053142;B
20240417;100339;590.75;11;10137053521;B
20240417;100339;590.75;15;10137053672;B
20240417;100341;590.75;1;10137054291;B
20240417;100341;590.75;1;10137054369;B
20240417;100342;590.7;1;10137054504;S
20240417;100343;590.75;1;10137054784;B
20240417;100343;590.75;200;10137054857;B
20240417;100345;590.75;4;10137055156;B
20240417;100345;590.75;5;10137055330;B
20240417;100346;590.7;4;10137055568;S
20240417;100347;590.75;28;10137055844;B
20240417;100348;590.75;5;10137056023;B
20240417;100348;590.7;4;10137056047;S
20240417;100348;590.75;48;10137056113;B
20240417;100350;590.7;20;10137056438;S
20240417;100350;590.75;6;10137056449;B
20240417;100351;590.75;134;10137056639;B
20240417;100351;590.75;500;10137056640;B
20240417;100351;590.75;166;10137056641;B
20240417;100351;590.7;1;10137056655;S
20240417;100351;590.75;3;10137056676;B
20240417;100352;590.75;1;10137056866;B
20240417;100352;590.75;16;10137056868;B
20240417;100353;590.75;1;10137057036;B
20240417;100354;590.75;2;10137057502;B
20240417;100355;590.75;1;10137057619;B
20240417;100355;590.75;13;10137057644;B
20240417;100355;590.75;87;10137057645;B
20240417;100356;590.7;67;10137057806;S
20240417;100356;590.7;85;10137057807;S
20240417;100356;590.65;180;10137057808;S
20240417;100356;590.65;1;10137057809;S
20240417;100356;590.65;4;10137057822;B
20240417;100356;590.6;10;10137057897;S
20240417;100356;590.6;5;10137057898;S
20240417;100356;590.6;13;10137057899;S
20240417;100356;590.6;31;10137057900;S
20240417;100357;590.6;5;10137058216;S
20240417;100358;590.65;1;10137058347;B
20240417;100358;590.6;7;10137058378;S
20240417;100358;590.6;9;10137058379;S
20240417;100358;590.6;70;10137058380;S
20240417;100358;590.55;33;10137058381;S
20240417;100358;590.55;170;10137058382;S
20240417;100358;590.55;211;10137058383;S
20240417;100359;590.65;340;10137058625;B
20240417;100400;590.55;5;10137058822;S
20240417;100400;590.55;22;10137058823;S
20240417;100401;590.65;1;10137059017;B
20240417;100401;590.65;1;10137059020;B
20240417;100401;590.7;17;10137059021;B
20240417;100401;590.6;35;10137059030;S
20240417;100401;590.6;71;10137059031;S
20240417;100401;590.6;3;10137059032;S
20240417;100401;590.55;148;10137059033;S
20240417;100401;590.55;243;10137059034;S
20240417;100402;590.65;200;10137059188;B
20240417;100403;590.65;1;10137059408;B
20240417;100403;590.65;17;10137059440;B
20240417;100403;590.65;70;10137059493;B
20240417;100405;590.55;170;10137059846;S
20240417;100405;590.55;2;10137059847;S
20240417;100405;590.55;374;10137059848;S
20240417;100405;590.5;1;10137059849;S
20240417;100405;590.5;300;10137059850;S
20240417;100405;590.5;452;10137059851;S
20240417;100405;590.6;2;10137059925;S
20240417;100405;590.55;148;10137059926;S
20240417;100405;590.5;500;10137059927;S
20240417;100405;590.65;2;10137059999;B
20240417;100406;590.65;2;10137060109;B
20240417;100407;590.55;170;10137060276;S
20240417;100407;590.5;238;10137060277;S
20240417;100407;590.5;8;10137060278;S
20240417;100407;590.5;71;10137060279;S
20240417;100407;590.45;13;10137060280;S
20240417;100407;590.6;1;10137060284;B
20240417;100407;590.6;3;10137060347;B
20240417;100407;590.45;1;10137060359;S
20240417;100408;590.45;69;10137060623;S
20240417;100408;590.45;381;10137060624;S
20240417;100408;590.4;50;10137060625;S
20240417;100409;590.55;1;10137060847;B
20240417;100409;590.55;2;10137060909;B
20240417;100410;590.4;50;10137060962;S
20240417;100410;590.4;8;10137060963;S
20240417;100410;590.35;71;10137060964;S
20240417;100410;590.35;64;10137060965;S
20240417;100410;590.35;33;10137060966;S
20240417;100410;590.3;160;10137060967;S
20240417;100410;590.3;1;10137060968;S
20240417;100410;590.3;381;10137060969;S
20240417;100410;590.25;10;10137060970;S
20240417;100410;590.25;203;10137060971;S
20240417;100410;590.25;19;10137060972;S
20240417;100411;590.35;90;10137061256;B
20240417;100411;590.35;1;10137061257;B
20240417;100411;590.25;112;10137061342;S
20240417;100411;590.2;100;10137061343;S
20240417;100411;590.2;203;10137061344;S
20240417;100411;590.2;71;10137061345;S
20240417;100411;590.15;14;10137061346;S
20240417;100414;590.3;18;10137062032;S
20240417;100414;590.4;4;10137062034;B
20240417;100418;590.45;3;10137062651;B
20240417;100420;590.4;1;10137063092;B
20240417;100420;590.4;1;10137063095;B
20240417;100420;590.45;14;10137063096;B
20240417;100425;590.3;65;10137064049;S
20240417;100425;590.3;381;10137064050;S
20240417;100425;590.25;1;10137064051;S
20240417;100425;590.25;32;10137064052;S
20240417;100425;590.2;773;10137064053;S
20240417;100425;590.2;33;10137064054;S
20240417;100425;590.2;170;10137064055;S
20240417;100425;590.15;486;10137064056;S
20240417;100425;590.15;59;10137064057;S
20240417;100425;590.3;1;10137064135;B
20240417;100426;590.35;3;10137064480;B
20240417;100429;590.35;1;10137064991;B
20240417;100430;590.25;80;10137065165;S
20240417;100430;590.2;20;10137065166;S
20240417;100431;590.2;50;10137065395;S
20240417;100432;590.35;50;10137065518;B
20240417;100432;590.35;1;10137065551;B
20240417;100436;590.2;1;10137066091;S
20240417;100436;590.15;7;10137066092;S
20240417;100436;590.15;4;10137066093;S
20240417;100436;590.1;1;10137066094;S
20240417;100437;590.15;50;10137066461;S
20240417;100439;590.1;135;10137066647;S
20240417;100439;590.1;1;10137066648;S
20240417;100439;590.1;14;10137066649;S
20240417;100439;590.1;294;10137066655;S
20240417;100439;590.1;106;10137066656;S
20240417;100440;590.1;18;10137066874;S
20240417;100440;590.25;2;10137066936;B
20240417;100441;590.05;1;10137067021;S
20240417;100442;590.1;50;10137067198;B
20240417;100442;590.2;119;10137067199;B
20240417;100442;590.05;19;10137067238;S
20240417;100445;590.1;50;10137068017;B
20240417;100445;590.1;9;10137068038;B
20240417;100445;590.1;341;10137068081;B
20240417;100445;590.15;68;10137068082;B
20240417;100445;590.2;255;10137068083;B
20240417;100445;590.2;170;10137068084;B
20240417;100445;590.25;33;10137068085;B
20240417;100445;590.25;1000;10137068086;B
20240417;100445;590.3;133;10137068087;B
20240417;100448;590.3;2;10137068644;B
20240417;100449;590.3;1;10137068757;B
20240417;100451;590.3;30;10137069108;B
20240417;100451;590.35;29;10137069109;B
20240417;100451;590.3;16;10137069132;B
20240417;100451;590.3;170;10137069133;B
20240417;100451;590.35;72;10137069134;B
20240417;100451;590.35;1;10137069135;B
20240417;100451;590.4;67;10137069136;B
20240417;100451;590.4;184;10137069137;B
20240417;100452;590.1;6;10137069316;S
20240417;100452;590.4;23;10137069359;B
20240417;100454;590.3;2;10137069550;S
20240417;100454;590.2;7;10137069551;S
20240417;100454;590.05;33;10137069552;S
20240417;100454;590.05;20;10137069553;S
20240417;100454;590.05;381;10137069554;S
20240417;100454;590.05;32;10137069555;S
20240417;100454;590;25;10137069556;S
20240417;100454;590.3;1;10137069558;B
20240417;100455;590.05;13;10137069699;S
20240417;100455;590.3;5;10137069721;B
20240417;100455;590.3;1;10137069724;B
20240417;100456;590.05;1;10137069873;S
20240417;100501;590.2;2;10137070906;S
20240417;100501;590.1;67;10137070907;S
20240417;100503;590.2;10;10137071700;B
20240417;100504;590.1;2;10137071779;S
20240417;100504;590.1;67;10137071780;S
20240417;100504;590.05;6;10137071781;S
20240417;100504;590.05;20;10137071782;S
20240417;100504;590.05;5;10137071783;S
20240417;100509;590.15;1;10137072659;B
20240417;100510;590.15;5;10137072857;B
20240417;100512;590.25;1;10137073054;B
20240417;100512;590.25;2;10137073073;B
20240417;100513;590.05;1;10137073296;S
20240417;100513;590.05;26;10137073346;S
20240417;100514;590.05;169;10137073540;S
20240417;100514;590.05;50;10137073541;S
20240417;100515;590.05;40;10137073812;B
20240417;100516;590.05;17;10137074007;B
20240417;100516;590.05;1;10137074060;B
20240417;100516;590.05;6;10137074067;B
20240417;100517;590;532;10137074249;S
20240417;100517;590.05;2;10137074287;B
20240417;100517;590.05;1;10137074342;B
20240417;100518;590;1;10137074385;S
20240417;100519;590;137;10137074524;S
20240417;100519;590.05;1;10137074557;B
20240417;100522;590.05;13;10137075029;B
20240417;100522;590.05;68;10137075030;B
20240417;100522;590.1;1;10137075031;B
20240417;100522;590.1;48;10137075032;B
20240417;100522;590.15;2;10137075058;B
20240417;100522;590.15;12;10137075108;B
20240417;100522;590.15;26;10137075109;B
20240417;100529;590.05;60;10137076514;S
20240417;100529;590;65;10137076515;S
20240417;100529;590;1;10137076516;S
20240417;100529;590;1;10137076517;S
20240417;100529;590;200;10137076518;S
20240417;100529;590;1;10137076519;S
20240417;100529;590;30;10137076520;S
20240417;100529;590;5;10137076521;S
20240417;100529;590;1;10137076522;S
20240417;100529;590;5;10137076523;S
20240417;100529;590;840;10137076524;S
20240417;100529;590;1;10137076525;S
20240417;100529;590;1;10137076526;S
20240417;100529;590;350;10137076527;S
20240417;100529;590;66;10137076528;S
20240417;100529;590;1;10137076529;S
20240417;100531;589.85;55;10137076837;S
20240417;100531;589.85;1;10137076838;S
20240417;100531;589.85;203;10137076839;S
20240417;100531;589.8;258;10137076840;S
20240417;100532;589.8;100;10137077144;S
20240417;100532;589.95;1;10137077152;B
20240417;100534;589.95;1;10137077434;B
20240417;100536;589.95;2;10137077780;B
20240417;100537;589.95;1;10137078106;B
20240417;100538;589.95;167;10137078187;B
20240417;100538;590;39;10137078188;B
20240417;100538;590;44;10137078189;B
20240417;100544;589.95;1;10137079500;B
20240417;100545;590;1;10137079705;B
20240417;100546;589.95;1;10137079871;S
20240417;100546;589.85;46;10137079872;S
20240417;100555;589.95;1;10137081478;B
20240417;100556;589.95;24;10137081781;B
20240417;100556;589.95;24;10137081863;B
20240417;100557;589.95;1;10137082146;B
20240417;100558;589.95;1;10137082323;B
20240417;100558;589.95;1;10137082360;B
20240417;100558;589.95;5;10137082394;B
20240417;100559;589.9;1;10137082472;S
20240417;100604;589.9;23;10137083698;B
20240417;100605;589.85;20;10137083702;S
20240417;100605;589.85;12;10137083821;S
20240417;100607;589.85;33;10137084028;S
20240417;100607;589.85;17;10137084095;S
20240417;100609;589.9;2;10137084416;B
20240417;100609;589.85;16;10137084464;S
20240417;100609;589.9;2;10137084474;B
20240417;100609;589.9;1;10137084510;B
20240417;100609;589.9;1;10137084518;B
20240417;100609;589.85;100;10137084565;S
20240417;100613;589.9;1;10137085026;B
20240417;100614;589.9;1;10137085227;B
20240417;100615;589.9;69;10137085375;B
20240417;100615;589.9;10;10137085376;B
20240417;100615;589.9;3;10137085378;B
20240417;100616;589.85;2;10137085466;S
20240417;100616;589.9;5;10137085565;B
20240417;100616;589.85;1;10137085574;S
20240417;100620;589.9;1;10137086135;B
20240417;100620;589.85;4;10137086139;S
20240417;100620;589.9;6;10137086185;B
20240417;100620;589.9;15;10137086192;B
20240417;100621;589.9;19;10137086496;B
20240417;100622;589.85;13;10137086608;S
20240417;100622;589.85;2;10137086653;S
20240417;100622;589.9;1;10137086673;B
20240417;100624;589.85;12;10137086928;S
20240417;100624;589.85;1000;10137086990;S
20240417;100624;589.9;70;10137087000;B
20240417;100624;589.9;2;10137087001;B
20240417;100624;589.9;12;10137087002;B
20240417;100624;589.9;5;10137087051;B
20240417;100625;589.85;268;10137087118;S
20240417;100625;589.85;20;10137087119;S
20240417;100625;589.85;2;10137087120;S
20240417;100625;589.8;642;10137087121;S
20240417;100625;589.8;1;10137087122;S
20240417;100625;589.8;203;10137087123;S
20240417;100625;589.8;44;10137087124;S
20240417;100625;589.8;5;10137087125;S
20240417;100625;589.8;175;10137087126;S
20240417;100625;589.75;203;10137087127;S
20240417;100625;589.75;16;10137087128;S
20240417;100625;589.75;70;10137087129;S
20240417;100625;589.7;151;10137087130;S
20240417;100625;589.8;71;10137087133;B
20240417;100625;589.8;179;10137087134;B
20240417;100625;589.75;203;10137087136;S
20240417;100626;589.75;2;10137087398;B
20240417;100626;589.75;18;10137087441;B
20240417;100629;589.65;3;10137087852;S
20240417;100630;589.75;1;10137087997;B
20240417;100630;589.65;200;10137088109;S
20240417;100630;589.65;16;10137088110;S
20240417;100630;589.6;6;10137088111;S
20240417;100630;589.6;203;10137088112;S
20240417;100630;589.6;70;10137088113;S
20240417;100630;589.55;5;10137088114;S
20240417;100632;589.75;1;10137088524;B
20240417;100632;589.55;5;10137088531;S
20240417;100634;589.55;193;10137088822;S
20240417;100634;589.5;7;10137088823;S
20240417;100635;589.75;2;10137088922;B
20240417;100635;589.75;146;10137088961;B
20240417;100635;589.75;54;10137088962;B
20240417;100638;589.7;1;10137089388;B
20240417;100639;589.65;5;10137089553;B
20240417;100640;589.65;55;10137089581;B
20240417;100640;589.75;34;10137089582;B
20240417;100640;589.75;70;10137089583;B
20240417;100640;589.85;11;10137089584;B
20240417;100641;589.8;1;10137089661;B
20240417;100641;589.75;200;10137089810;S
20240417;100643;589.6;100;10137090061;S
20240417;100644;589.7;1;10137090087;B
20240417;100647;589.6;66;10137090557;S
20240417;100649;589.6;37;10137090924;S
20240417;100649;589.6;63;10137090925;S
20240417;100650;589.6;1;10137091114;S
20240417;100652;589.7;1;10137091302;B
20240417;100654;589.65;1;10137091720;B
20240417;100654;589.7;1;10137091721;B
20240417;100655;589.6;100;10137091869;S
20240417;100658;589.7;1;10137092173;B
20240417;100658;589.7;2;10137092183;B
20240417;100658;589.6;26;10137092209;S
20240417;100701;589.6;76;10137092848;S
20240417;100701;589.6;2;10137092849;S
20240417;100701;589.6;4;10137092850;S
20240417;100701;589.6;17;10137092907;B
20240417;100701;589.7;34;10137092918;B
20240417;100702;589.8;9;10137092936;B
20240417;100702;589.8;41;10137092937;B
20240417;100702;589.8;27;10137092955;B
20240417;100702;589.85;50;10137092965;B
20240417;100702;589.75;50;10137093005;B
20240417;100702;589.6;3;10137093012;S
20240417;100702;589.75;17;10137093015;B
20240417;100702;589.6;30;10137093024;S
20240417;100702;589.6;5;10137093025;S
20240417;100702;589.55;203;10137093026;S
20240417;100702;589.55;62;10137093027;S
20240417;100705;589.75;12;10137093428;B
20240417;100705;589.7;1;10137093432;S
20240417;100705;589.55;1;10137093433;S
20240417;100708;589.55;20;10137093894;S
20240417;100708;589.55;6;10137093921;S
20240417;100709;589.7;1;10137094051;B
20240417;100709;589.7;2;10137094059;B
20240417;100710;589.7;168;10137094128;B
20240417;100710;589.75;100;10137094129;B
20240417;100710;589.75;45;10137094130;B
20240417;100711;589.55;6;10137094206;S
20240417;100716;589.6;1;10137095161;S
20240417;100716;589.55;5;10137095162;S
20240417;100716;589.55;94;10137095163;S
20240417;100717;589.7;5;10137095232;B
20240417;100719;589.55;87;10137095604;S
20240417;100721;589.7;1;10137095865;B
20240417;100721;589.55;22;10137096006;S
20240417;100721;589.55;66;10137096007;S
20240417;100721;589.5;3;10137096008;S
20240417;100721;589.5;1;10137096009;S
20240417;100721;589.5;203;10137096010;S
20240417;100721;589.5;1;10137096011;S
20240417;100721;589.5;4;10137096012;S
20240417;100727;589.55;1;10137096779;S
20240417;100727;589.5;1;10137096813;S
20240417;100728;589.5;1;10137096929;S
20240417;100728;589.5;4;10137096930;S
20240417;100729;589.55;3;10137097148;B
20240417;100730;589.7;2;10137097295;B
20240417;100731;589.7;1;10137097522;B
20240417;100731;589.7;3;10137097545;B
20240417;100733;589.7;4;10137097722;B
20240417;100733;589.7;1;10137097833;B
20240417;100735;589.7;2;10137098007;B
20240417;100735;589.7;9;10137098029;B
20240417;100736;589.7;2;10137098143;B
20240417;100736;589.7;1;10137098185;B
20240417;100738;589.7;1;10137098425;B
20240417;100741;589.7;1;10137098925;B
20240417;100741;589.5;199;10137098932;S
20240417;100741;589.5;55;10137098933;S
20240417;100744;589.55;1;10137099398;B
20240417;100745;589.55;1;10137099500;B
20240417;100745;589.55;1;10137099523;B
20240417;100746;589.5;2;10137099847;S
20240417;100747;589.55;2;10137100333;B
20240417;100747;589.7;6;10137100334;B
20240417;100747;589.7;2;10137100335;B
20240417;100748;589.5;1;10137100427;S
20240417;100752;589.65;1;10137101410;B
20240417;100756;589.55;33;10137101978;S
20240417;100757;589.65;1;10137102060;B
20240417;100758;589.65;2;10137102138;B
20240417;100801;589.7;1;10137102679;B
20240417;100805;589.7;1;10137103351;B
20240417;100805;589.7;1;10137103371;B
20240417;100808;589.65;50;10137103978;B
20240417;100811;589.55;34;10137104431;S
20240417;100811;589.65;1;10137104580;B
20240417;100812;589.65;5;10137104612;B
20240417;100814;589.55;22;10137104868;S
20240417;100819;589.55;11;10137105798;S
20240417;100819;589.55;1;10137105799;S
20240417;100819;589.55;1;10137105800;S
20240417;100819;589.55;1;10137105801;S
20240417;100819;589.55;1;10137105802;S
20240417;100819;589.55;3;10137105803;S
20240417;100819;589.5;27;10137105804;S
20240417;100819;589.5;5;10137105805;S
20240417;100819;589.5;33;10137105806;S
20240417;100819;589.5;10;10137105807;S
20240417;100819;589.5;3;10137105808;S
20240417;100819;589.5;1;10137105809;S
20240417;100819;589.5;1;10137105810;S
20240417;100819;589.5;50;10137105811;S
20240417;100819;589.5;50;10137105812;S
20240417;100819;589.5;10;10137105813;S
20240417;100820;589.5;1;10137105956;B
20240417;100820;589.5;5;10137105969;B
20240417;100821;589.45;2;10137106058;S
20240417;100822;589.45;1;10137106241;S
20240417;100823;589.45;1;10137106314;S
20240417;100824;589.5;4;10137106364;B
20240417;100824;589.5;1;10137106496;B
20240417;100825;589.6;5;10137106611;B
20240417;100829;589.6;3;10137107250;B
20240417;100829;589.55;49;10137107252;S
20240417;100829;589.45;1;10137107253;S
20240417;100829;589.45;5;10137107254;S
20240417;100829;589.55;14;10137107321;B
20240417;100830;589.55;10;10137107386;B
20240417;100832;589.45;2;10137107640;S
20240417;100833;589.45;1;10137107779;S
20240417;100835;589.45;42;10137108083;S
20240417;100835;589.45;15;10137108084;S
20240417;100835;589.4;1;10137108085;S
20240417;100835;589.4;20;10137108086;S
20240417;100835;589.35;1;10137108087;S
20240417;100835;589.35;10;10137108088;S
20240417;100835;589.35;5;10137108089;S
20240417;100835;589.35;6;10137108090;S
20240417;100835;589.55;1;10137108120;B
20240417;100842;589.4;1;10137109346;S
20240417;100842;589.5;1;10137109371;B
20240417;100843;589.4;10;10137109459;S
20240417;100843;589.4;171;10137109474;S
20240417;100844;589.45;5;10137109539;S
20240417;100844;589.4;1;10137109540;S
20240417;100845;589.4;17;10137109847;S
20240417;100845;589.35;4;10137109848;S
20240417;100845;589.35;1;10137109849;S
20240417;100845;589.35;8;10137109850;S
20240417;100846;589.3;27;10137109912;S
20240417;100846;589.3;20;10137109913;S
20240417;100846;589.3;3;10137109914;S
20240417;100846;589.4;300;10137109972;S
20240417;100846;589.35;1;10137109973;S
20240417;100846;589.35;65;10137109974;S
20240417;100846;589.3;200;10137109975;S
20240417;100846;589.3;5;10137109976;S
20240417;100846;589.3;1351;10137109977;S
20240417;100846;589.25;3;10137109978;S
20240417;100846;589.25;1;10137109979;S
20240417;100846;589.25;100;10137109980;S
20240417;100846;589.25;5;10137109981;S
20240417;100846;589.25;3;10137109982;S
20240417;100846;589.25;20;10137109983;S
20240417;100846;589.25;203;10137109984;S
20240417;100846;589.25;5;10137109985;S
20240417;100846;589.25;33;10137109986;S
20240417;100846;589.2;5;10137109987;S
20240417;100846;589.2;1700;10137109988;S
20240417;100850;589.5;1;10137110687;B
20240417;100853;589.5;1;10137111047;B
20240417;100854;589.35;10;10137111346;S
20240417;100854;589.3;64;10137111347;S
20240417;100854;589.2;526;10137111348;S
20240417;100855;589.45;1;10137111440;B
20240417;100856;589.5;1;10137111480;B
20240417;100857;589.5;30;10137111578;B
20240417;100857;589.35;2;10137111638;S
20240417;100858;589.5;1;10137111770;B
20240417;100904;589.45;3;10137112518;B
20240417;100907;589.45;2;10137112926;B
20240417;100908;589.35;4;10137113009;S
20240417;100908;589.35;72;10137113010;S
20240417;100910;589.35;90;10137113208;S
20240417;100910;589.5;1;10137113214;B
20240417;100912;589.45;1;10137113473;B
20240417;100912;589.45;9;10137113474;B
20240417;100913;589.35;27;10137113592;S
20240417;100916;589.45;5;10137114051;B
20240417;100916;589.45;1;10137114083;B
20240417;100919;589.45;4;10137114537;B
20240417;100919;589.45;2;10137114606;B
20240417;100919;589.45;1;10137114607;B
20240417;100920;589.4;18;10137114732;S
20240417;100921;589.4;4;10137114765;S
20240417;100921;589.45;9;10137114773;B
20240417;100922;589.35;100;10137114938;S
20240417;100926;589.45;4;10137115435;B
20240417;100926;589.45;2;10137115442;B
20240417;100927;589.45;1;10137115601;B
20240417;100927;589.45;5;10137115719;B
20240417;100927;589.45;15;10137115720;B
20240417;100928;589.4;15;10137115731;S
20240417;100929;589.45;6;10137115978;B
20240417;100929;589.4;2;10137116078;S
20240417;100931;589.45;2;10137116324;B
20240417;100932;589.4;1;10137116437;S
20240417;100932;589.45;40;10137116453;B
20240417;100933;589.45;8;10137116617;B
20240417;100934;589.4;9;10137116894;S
20240417;100935;589.4;10;10137116999;S
20240417;100935;589.4;10;10137117000;S
20240417;100938;589.4;4;10137117392;B
20240417;100938;589.4;3;10137117497;B
20240417;100940;589.35;1;10137117711;S
20240417;100945;589.35;10;10137118344;S
20240417;100945;589.35;10;10137118345;S
20240417;100945;589.35;100;10137118346;S
20240417;100945;589.35;5;10137118347;S
20240417;100945;589.35;1;10137118348;S
20240417;100945;589.35;62;10137118349;S
20240417;100945;589.3;10;10137118350;S
20240417;100945;589.3;22;10137118351;S
20240417;100945;589.3;10;10137118410;S
20240417;100945;589.3;9;10137118411;S
20240417;100945;589.3;300;10137118412;S
20240417;100945;589.25;14;10137118413;S
20240417;100945;589.25;62;10137118414;S
20240417;100945;589.2;1774;10137118415;S
20240417;100945;589.2;21;10137118416;S
20240417;100945;589.2;2;10137118417;S
20240417;100945;589.2;808;10137118418;S
20240417;100946;589.2;1;10137118651;S
20240417;100947;589.35;12;10137118718;B
20240417;100947;589.35;1;10137118746;B
20240417;100947;589.2;2;10137118802;S
20240417;100950;589.35;157;10137119040;B
20240417;100950;589.35;62;10137119041;B
20240417;100950;589.4;81;10137119042;B
20240417;100952;589.35;2;10137119328;B
20240417;100952;589.2;1;10137119372;S
20240417;100959;589.25;9;10137120525;B
20240417;100959;589.25;1;10137120574;B
20240417;101000;589.25;20;10137120992;B
20240417;101000;589.25;60;10137121005;B
20240417;101007;589.25;1;10137122116;B
20240417;101007;589.25;20;10137122146;B
20240417;101007;589.25;1;10137122227;B
20240417;101008;589.25;5;10137122375;B
20240417;101008;589.25;105;10137122435;B
20240417;101009;589.25;1;10137122503;B
20240417;101011;589.3;2;10137122675;B
20240417;101012;589.25;50;10137122898;B
20240417;101013;589.25;3;10137122986;B
20240417;101013;589.25;1;10137123000;B
20240417;101013;589.25;21;10137123032;B
20240417;101014;589.25;2;10137123133;B
20240417;101014;589.25;10;10137123164;B
20240417;101015;589.3;61;10137123266;B
20240417;101015;589.35;10;10137123267;B
20240417;101015;589.35;129;10137123268;B
20240417;101016;589.2;188;10137123313;S
20240417;101016;589.2;5;10137123314;S
20240417;101016;589.2;20;10137123315;S
20240417;101016;589.2;14;10137123316;S
20240417;101016;589.2;1;10137123317;S
20240417;101016;589.2;2;10137123318;S
20240417;101016;589.2;1;10137123319;S
20240417;101016;589.2;1;10137123320;S
20240417;101016;589.2;1;10137123321;S
20240417;101016;589.15;10;10137123322;S
20240417;101016;589.15;2;10137123323;S
20240417;101016;589.15;1;10137123324;S
20240417;101016;589.15;133;10137123325;S
20240417;101017;589.35;1;10137123417;B
20240417;101017;589.15;2;10137123437;S
20240417;101018;589.25;1;10137123633;B
20240417;101019;589.25;1;10137123664;B
20240417;101020;589.2;1;10137123809;S
20240417;101021;589.25;1;10137123927;B
20240417;101022;589.25;4;10137124137;B
20240417;101022;589.25;4;10137124200;B
20240417;101023;589.25;6;10137124264;B
20240417;101024;589.25;1;10137124427;B
20240417;101026;589.25;25;10137124598;B
20240417;101026;589.25;50;10137124653;B
20240417;101026;589.25;9;10137124699;B
20240417;101027;589.2;4;10137124830;S
20240417;101027;589.15;365;10137124831;S
20240417;101027;589.15;1;10137124832;S
20240417;101027;589.15;20;10137124833;S
20240417;101027;589.15;2;10137124834;S
20240417;101027;589.1;1;10137124835;S
20240417;101027;589.1;1;10137124836;S
20240417;101027;589.1;1;10137124837;S
20240417;101027;589.1;1;10137124838;S
20240417;101027;589.1;1;10137124839;S
20240417;101027;589.1;1;10137124840;S
20240417;101027;589.1;1;10137124841;S
20240417;101027;589.1;1;10137124842;S
20240417;101027;589.1;21;10137124843;S
20240417;101027;589.1;2;10137124844;S
20240417;101027;589.1;1;10137124845;S
20240417;101027;589.1;1;10137124846;S
20240417;101027;589.1;2;10137124847;S
20240417;101027;589.1;1;10137124848;S
20240417;101027;589.1;1;10137124849;S
20240417;101027;589.1;47;10137124850;S
20240417;101027;589.1;4;10137124851;S
20240417;101027;589.1;9;10137124852;S
20240417;101027;589.1;600;10137124853;S
20240417;101027;589.1;1;10137124854;S
20240417;101027;589.1;2;10137124855;S
20240417;101027;589.1;1;10137124856;S
20240417;101027;589.1;1;10137124857;S
20240417;101027;589.1;3;10137124858;S
20240417;101027;589.1;1;10137124859;S
20240417;101027;589.1;50;10137124860;S
20240417;101027;589.1;2;10137124861;S
20240417;101027;589.1;2;10137124862;S
20240417;101027;589.1;1;10137124863;S
20240417;101027;589.1;1;10137124864;S
20240417;101027;589.1;2;10137124865;S
20240417;101027;589.1;12;10137124866;S
20240417;101027;589.1;3;10137124867;S
20240417;101027;589.1;1;10137124868;S
20240417;101027;589.1;1;10137124869;S
20240417;101027;589.1;100;10137124870;S
20240417;101027;589.1;1;10137124871;S
20240417;101027;589.1;1;10137124872;S
20240417;101027;589.1;1;10137124873;S
20240417;101027;589.1;2;10137124874;S
20240417;101027;589.1;4;10137124875;S
20240417;101027;589.1;15;10137124876;S
20240417;101027;589.1;2;10137124877;S
20240417;101027;589.1;2;10137124878;S
20240417;101027;589.1;1;10137124879;S
20240417;101027;589.1;9;10137124880;S
20240417;101027;589.1;54;10137124881;S
20240417;101027;589.1;20;10137124882;S
20240417;101027;589.1;6;10137124883;S
20240417;101027;589.1;2;10137124884;S
20240417;101027;589.1;4;10137124885;S
20240417;101027;589.1;100;10137124886;S
20240417;101027;589.1;1;10137124887;S
20240417;101027;589.1;6;10137124888;S
20240417;101027;589.1;3;10137124889;S
20240417;101027;589.1;493;10137124890;S
20240417;101027;589.1;1;10137124982;S
20240417;101028;589.3;1;10137125116;B
20240417;101030;589.35;2;10137125495;B
20240417;101031;589.3;1;10137125720;B
20240417;101032;589.25;1;10137125727;S
20240417;101032;589.25;1;10137125728;S
20240417;101032;589.1;38;10137125729;S
20240417;101032;589.35;4;10137125763;B
20240417;101033;589.35;1;10137125900;B
20240417;101033;589.35;1;10137125970;B
20240417;101036;589.2;100;10137126456;B
20240417;101036;589.2;4;10137126496;B
20240417;101036;589.2;13;10137126501;B
20240417;101040;589.2;1;10137126955;B
20240417;101041;589.2;1;10137127039;B
20240417;101041;589.2;2;10137127112;B
20240417;101041;589.2;1;10137127113;B
20240417;101042;589.2;1;10137127197;B
20240417;101044;589.2;2;10137127444;B
20240417;101050;589.1;3;10137128474;S
20240417;101051;589.15;3;10137128775;B
20240417;101051;589.15;1;10137128788;B
20240417;101052;589.15;17;10137128912;B
20240417;101052;589.1;1;10137128964;S
20240417;101054;589.15;5;10137129361;B
20240417;101058;589.15;1;10137130168;B
20240417;101058;589.1;1;10137130195;S
20240417;101059;589.1;1;10137130416;S
20240417;101059;589.1;9;10137130476;S
20240417;101059;589.1;53;10137130496;S
20240417;101100;589.15;2;10137130694;B
20240417;101100;589.15;1;10137130695;B
20240417;101101;589.1;1;10137130907;S
20240417;101101;589.15;1;10137130908;B
20240417;101102;589.1;1;10137130964;S
20240417;101102;589.1;36;10137131062;S
20240417;101104;589.1;1;10137131412;S
20240417;101104;589.1;3;10137131443;S
20240417;101104;589.15;1;10137131487;B
20240417;101105;589.15;3;10137131499;B
20240417;101105;589.1;1;10137131525;S
20240417;101105;589.15;2;10137131568;B
20240417;101108;589.15;3;10137132026;B
20240417;101108;589.15;1;10137132027;B
20240417;101108;589.2;374;10137132028;B
20240417;101108;589.2;62;10137132029;B
20240417;101108;589.2;12;10137132030;B
20240417;101108;589.2;1;10137132031;B
20240417;101108;589.2;1;10137132032;B
20240417;101108;589.2;19;10137132033;B
20240417;101108;589.25;527;10137132034;B
20240417;101108;589.25;1;10137132115;B
20240417;101110;589.25;38;10137132375;B
20240417;101111;589.2;1;10137132496;S
20240417;101111;589.2;1;10137132497;S
20240417;101111;589.2;1;10137132498;S
20240417;101111;589.2;1;10137132499;S
20240417;101111;589.15;173;10137132500;S
20240417;101111;589.1;223;10137132501;S
20240417;101111;589.15;9;10137132517;S
20240417;101111;589.15;1;10137132529;S
20240417;101112;589.15;20;10137132644;S
20240417;101113;589.1;5;10137132828;S
20240417;101115;589.1;1;10137132977;S
20240417;101119;589.25;2;10137133884;B
20240417;101119;589.25;1;10137133944;B
20240417;101121;589.15;20;10137134133;S
20240417;101124;589.25;2;10137134784;B
20240417;101127;589.15;70;10137135678;S
20240417;101131;589.15;3;10137136766;S
20240417;101134;589.15;80;10137137148;S
20240417;101134;589.15;5;10137137149;S
20240417;101134;589.15;1;10137137150;S
20240417;101134;589.15;20;10137137151;S
20240417;101134;589.15;2;10137137152;S
20240417;101134;589.15;1;10137137153;S
20240417;101134;589.1;691;10137137154;S
20240417;101136;589.15;1;10137137494;B
20240417;101140;589.1;1;10137138110;S
20240417;101141;589.15;1;10137138120;B
20240417;101141;589.15;1;10137138121;B
20240417;101141;589.25;7;10137138122;B
20240417;101143;589.25;5;10137138412;B
20240417;101143;589.25;2;10137138470;B
20240417;101145;589.25;1;10137138751;B
20240417;101148;589.1;1;10137139073;S
20240417;101150;589.2;6;10137139435;B
20240417;101152;589.2;10;10137139618;B
20240417;101154;589.2;10;10137139807;B
20240417;101156;589.1;21;10137140039;S
20240417;101157;589.1;7;10137140202;S
20240417;101158;589.2;5;10137140329;B
20240417;101159;589.2;3;10137140544;B
20240417;101201;589.1;8;10137140772;S
20240417;101201;589.1;49;10137140844;S
20240417;101201;589.1;10;10137140845;S
20240417;101201;589.1;100;10137140846;S
20240417;101201;589.1;4;10137140847;S
20240417;101201;589.1;26;10137140848;S
20240417;101201;589.1;16;10137140849;S
20240417;101201;589.1;1;10137140850;S
20240417;101201;589.1;50;10137140851;S
20240417;101201;589.1;10;10137140852;S
20240417;101201;589.1;134;10137140853;S
20240417;101203;589.15;65;10137141108;B
20240417;101203;589.2;120;10137141206;B
20240417;101203;589.2;72;10137141294;B
20240417;101203;589.25;14;10137141295;B
20240417;101203;589.25;1;10137141296;B
20240417;101203;589.3;1;10137141297;B
20240417;101203;589.3;1;10137141298;B
20240417;101203;589.3;3;10137141299;B
20240417;101203;589.3;28;10137141300;B
20240417;101203;589.35;120;10137141381;B
20240417;101204;589.4;100;10137141457;B
20240417;101204;589.4;20;10137141458;B
20240417;101204;589.4;1;10137141490;B
20240417;101204;589.4;1;10137141587;B
20240417;101208;589.4;18;10137142239;B
20240417;101208;589.4;20;10137142240;B
20240417;101208;589.4;20;10137142241;B
20240417;101208;589.4;1;10137142242;B
20240417;101208;589.4;17;10137142243;B
20240417;101208;589.4;1;10137142244;B
20240417;101208;589.45;1;10137142245;B
20240417;101208;589.45;600;10137142246;B
20240417;101208;589.45;213;10137142247;B
20240417;101208;589.45;64;10137142248;B
20240417;101208;589.45;45;10137142249;B
20240417;101209;589.45;1;10137142392;B
20240417;101209;589.35;1;10137142476;S
20240417;101212;589.35;2;10137142795;S
20240417;101212;589.35;1;10137142817;S
20240417;101214;589.35;3;10137143166;S
20240417;101214;589.35;51;10137143196;S
20240417;101215;589.3;40;10137143295;S
20240417;101215;589.3;60;10137143296;S
20240417;101216;589.4;4;10137143390;B
20240417;101218;589.4;1;10137143772;B
20240417;101220;589.4;1;10137144074;B
20240417;101222;589.4;14;10137144247;B
20240417;101222;589.4;50;10137144248;B
20240417;101222;589.5;5;10137144249;B
20240417;101222;589.5;1;10137144250;B
20240417;101222;589.5;2;10137144335;B
20240417;101222;589.5;1;10137144336;B
20240417;101222;589.5;2;10137144337;B
20240417;101226;589.4;1;10137144822;B
20240417;101226;589.4;3;10137144856;B
20240417;101226;589.5;197;10137144857;B
20240417;101226;589.5;40;10137144858;B
20240417;101226;589.5;1;10137144859;B
20240417;101226;589.5;33;10137144860;B
20240417;101226;589.5;63;10137144861;B
20240417;101226;589.5;176;10137144862;B
20240417;101226;589.55;7;10137144863;B
20240417;101226;589.55;2;10137144874;B
20240417;101229;589.45;1;10137145324;S
20240417;101230;589.5;1;10137145467;B
20240417;101233;589.45;5;10137145815;B
20240417;101233;589.45;200;10137145833;B
20240417;101234;589.4;1;10137145888;S
20240417;101234;589.45;1;10137145922;B
20240417;101235;589.45;34;10137146147;B
20240417;101236;589.45;141;10137146271;B
20240417;101236;589.5;1;10137146272;B
20240417;101236;589.5;1;10137146273;B
20240417;101236;589.5;62;10137146274;B
20240417;101236;589.5;726;10137146275;B
20240417;101236;589.55;26;10137146276;B
20240417;101236;589.55;43;10137146277;B
20240417;101239;589.55;1;10137146594;B
20240417;101240;589.55;8;10137146625;B
20240417;101244;589.4;2;10137147352;S
20240417;101250;589.55;2;10137148080;B
20240417;101251;589.55;1;10137148238;B
20240417;101255;589.55;1;10137148711;B
20240417;101258;589.55;1;10137149090;B
20240417;101259;589.55;1;10137149151;B
20240417;101300;589.45;1;10137149418;S
20240417;101300;589.45;3;10137149419;S
20240417;101300;589.55;1;10137149461;B
20240417;101302;589.45;170;10137149715;S
20240417;101302;589.4;3;10137149716;S
20240417;101302;589.4;2;10137149717;S
20240417;101302;589.35;25;10137149718;S
20240417;101302;589.4;5;10137149747;S
20240417;101303;589.5;13;10137149808;B
20240417;101307;589.5;3;10137150334;B
20240417;101308;589.45;1;10137150358;S
20240417;101308;589.45;169;10137150498;S
20240417;101308;589.45;61;10137150499;S
20240417;101308;589.45;270;10137150500;S
20240417;101309;589.55;12;10137150576;B
20240417;101309;589.55;4;10137150622;B
20240417;101311;589.45;1;10137150810;S
20240417;101313;589.55;10;10137151116;B
20240417;101318;589.5;1;10137151707;B
20240417;101318;589.5;7;10137151830;B
20240417;101319;589.5;101;10137151967;B
20240417;101320;589.5;239;10137152029;B
20240417;101320;589.45;1;10137152042;S
20240417;101320;589.5;1;10137152049;B
20240417;101321;589.45;1;10137152202;S
20240417;101322;589.45;1;10137152452;S
20240417;101327;589.55;1;10137153088;B
20240417;101331;589.55;22;10137153495;B
20240417;101334;589.55;5;10137153858;B
20240417;101334;589.55;1;10137153859;B
20240417;101334;589.55;20;10137153860;B
20240417;101336;589.55;1;10137154203;B
20240417;101344;589.5;2;10137155247;S
20240417;101344;589.5;173;10137155248;S
20240417;101344;589.45;168;10137155249;S
20240417;101344;589.45;374;10137155250;S
20240417;101344;589.45;62;10137155251;S
20240417;101344;589.45;51;10137155252;S
20240417;101345;589.55;179;10137155282;B
20240417;101346;589.55;1;10137155524;B
20240417;101347;589.55;10;10137155608;B
20240417;101347;589.55;3;10137155648;B
20240417;101348;589.5;3;10137155718;S
20240417;101348;589.5;11;10137155803;S
20240417;101348;589.55;2;10137155805;B
20240417;101350;589.55;1;10137156074;B
20240417;101351;589.5;7;10137156234;S
20240417;101352;589.5;1;10137156302;S
20240417;101355;589.55;1;10137156726;B
20240417;101356;589.55;4;10137156777;B
20240417;101357;589.55;2;10137156977;B
20240417;101357;589.55;1;10137156987;B
20240417;101358;589.55;5;10137157091;B
20240417;101359;589.5;14;10137157352;S
20240417;101359;589.55;4;10137157402;B
20240417;101400;589.5;12;10137157448;S
20240417;101401;589.55;4;10137157630;B
20240417;101402;589.55;27;10137157783;B
20240417;101402;589.55;1;10137157784;B
20240417;101402;589.55;50;10137157785;B
20240417;101402;589.55;8;10137157786;B
20240417;101402;589.55;381;10137157787;B
20240417;101402;589.55;1;10137157788;B
20240417;101402;589.55;206;10137157789;B
20240417;101402;589.6;1;10137157790;B
20240417;101402;589.6;1;10137157791;B
20240417;101402;589.6;61;10137157792;B
20240417;101402;589.6;173;10137157793;B
20240417;101402;589.65;1;10137157794;B
20240417;101402;589.65;1;10137157795;B
20240417;101402;589.65;88;10137157796;B
20240417;101402;589.65;47;10137157845;B
20240417;101402;589.6;6;10137157896;B
20240417;101403;589.65;1;10137158083;B
20240417;101410;589.65;1;10137158752;B
20240417;101410;589.65;1;10137158755;B
20240417;101411;589.55;2;10137158894;S
20240417;101413;589.5;1;10137159209;S
20240417;101413;589.65;8;10137159286;B
20240417;101416;589.65;4;10137159648;B
20240417;101417;589.65;42;10137159750;B
20240417;101421;589.5;10;10137160253;S
20240417;101427;589.65;1;10137161143;B
20240417;101429;589.65;1;10137161345;B
20240417;101430;589.65;207;10137161486;B
20240417;101430;589.65;1;10137161487;B
20240417;101430;589.65;1;10137161488;B
20240417;101430;589.65;37;10137161489;B
20240417;101431;589.65;4;10137161642;B
20240417;101436;589.6;50;10137162445;B
20240417;101436;589.65;41;10137162446;B
20240417;101436;589.65;59;10137162447;B
20240417;101436;589.65;1;10137162566;B
20240417;101438;589.65;2;10137162815;B
20240417;101438;589.55;5;10137162878;S
20240417;101439;589.65;24;10137162970;B
20240417;101441;589.55;2;10137163131;S
20240417;101441;589.6;2;10137163168;B
20240417;101444;589.55;1;10137163398;S
20240417;101446;589.6;2;10137163563;B
20240417;101448;589.6;1;10137163727;B
20240417;101448;589.6;1;10137163739;B
20240417;101448;589.55;14;10137163742;S
20240417;101449;589.6;9;10137163814;B
20240417;101449;589.6;7;10137163815;B
20240417;101450;589.6;1;10137163984;B
20240417;101450;589.6;12;10137163985;B
20240417;101450;589.6;10;10137163986;B
20240417;101452;589.65;3;10137164191;B
20240417;101453;589.65;2;10137164293;B
20240417;101453;589.65;1;10137164301;B
20240417;101453;589.65;1;10137164305;B
20240417;101455;589.6;14;10137164503;S
20240417;101457;589.6;31;10137164731;S
20240417;101457;589.55;28;10137164732;S
20240417;101457;589.55;41;10137164733;S
20240417;101500;589.6;40;10137165358;B
20240417;101500;589.65;1;10137165374;B
20240417;101501;589.65;20;10137165447;B
20240417;101501;589.65;2;10137165493;B
20240417;101501;589.65;1;10137165502;B
20240417;101502;589.6;2;10137165655;S
20240417;101503;589.65;22;10137166002;B
20240417;101504;589.65;1;10137166319;B
20240417;101504;589.65;1;10137166551;B
20240417;101504;589.65;9;10137166552;B
20240417;101505;589.65;1;10137166701;B
20240417;101505;589.65;2;10137166743;B
20240417;101506;589.6;230;10137166861;S
20240417;101506;589.6;3;10137166862;S
20240417;101506;589.6;17;10137166863;S
20240417;101506;589.65;11;10137166916;B
20240417;101506;589.65;1;10137166918;B
20240417;101510;589.55;5;10137167718;S
20240417;101515;589.65;38;10137169186;B
20240417;101515;589.7;4;10137169187;B
20240417;101515;589.7;40;10137169188;B
20240417;101515;589.7;1;10137169189;B
20240417;101515;589.7;1;10137169190;B
20240417;101515;589.7;10;10137169191;B
20240417;101515;589.7;1;10137169192;B
20240417;101516;589.65;1;10137169292;B
20240417;101516;589.7;17;10137169316;B
20240417;101516;589.7;1;10137169432;B
20240417;101517;589.7;14;10137169531;B
20240417;101517;589.7;6;10137169532;B
20240417;101517;589.65;2;10137169536;S
20240417;101517;589.65;5;10137169553;S
20240417;101517;589.65;10;10137169618;S
20240417;101517;589.7;1;10137169627;B
20240417;101518;589.65;1;10137169778;S
20240417;101519;589.65;1;10137170143;S
20240417;101520;589.65;3;10137170349;S
20240417;101523;589.7;8;10137170941;B
20240417;101525;589.6;1;10137171432;S
20240417;101526;589.7;35;10137171590;B
20240417;101526;589.7;60;10137171591;B
20240417;101526;589.7;5;10137171592;B
20240417;101528;589.7;1;10137172096;B
20240417;101528;589.7;6;10137172215;B
20240417;101529;589.65;4;10137172376;S
20240417;101529;589.7;1;10137172379;B
20240417;101529;589.65;4;10137172392;S
20240417;101529;589.7;33;10137172443;B
20240417;101529;589.75;1;10137172444;B
20240417;101529;589.75;16;10137172445;B
20240417;101531;589.65;2;10137172722;S
20240417;101531;589.65;1;10137172958;S
20240417;101532;589.65;1;10137173028;S
20240417;101532;589.7;1;10137173102;B
20240417;101534;589.65;1;10137173490;S
20240417;101534;589.65;7;10137173503;S
20240417;101535;589.65;5;10137173683;B
20240417;101535;589.55;20;10137173749;S
20240417;101536;589.65;258;10137173982;B
20240417;101536;589.65;59;10137173983;B
20240417;101536;589.7;173;10137173984;B
20240417;101536;589.75;6;10137173985;B
20240417;101536;589.8;203;10137173986;B
20240417;101536;589.8;301;10137173987;B
20240417;101537;589.6;1;10137174254;S
20240417;101538;589.7;1;10137174453;S
20240417;101540;589.8;18;10137174719;B
20240417;101542;589.7;1;10137175136;S
20240417;101544;589.8;1;10137175646;B
20240417;101548;589.8;45;10137176375;B
20240417;101550;589.8;47;10137176742;B
20240417;101550;589.8;92;10137176792;B
20240417;101550;589.8;1;10137176793;B
20240417;101552;589.85;11;10137177000;B
20240417;101552;589.85;1;10137177109;B
20240417;101552;589.85;13;10137177119;B
20240417;101552;589.85;2;10137177120;B
20240417;101552;589.85;40;10137177121;B
20240417;101552;589.85;1;10137177128;B
20240417;101553;589.85;1;10137177161;B
20240417;101553;589.85;161;10137177210;B
20240417;101553;589.85;42;10137177211;B
20240417;101554;589.85;1;10137177398;B
20240417;101555;589.8;1;10137177451;S
20240417;101555;589.85;1;10137177511;B
20240417;101555;589.85;4;10137177594;B
20240417;101555;589.85;6;10137177595;B
20240417;101556;589.8;1;10137177685;S
20240417;101556;589.85;1;10137177827;B
20240417;101557;589.85;1;10137177942;B
20240417;101558;589.85;4;10137178042;B
20240417;101558;589.85;191;10137178101;B
20240417;101558;589.9;983;10137178102;B
20240417;101558;589.9;10;10137178103;B
20240417;101558;589.9;1;10137178104;B
20240417;101558;589.9;203;10137178105;B
20240417;101558;589.9;59;10137178106;B
20240417;101558;589.95;2;10137178107;B
20240417;101558;589.95;20;10137178108;B
20240417;101558;589.95;1;10137178109;B
20240417;101558;589.95;1;10137178110;B
20240417;101558;589.95;203;10137178111;B
20240417;101558;589.95;80;10137178112;B
20240417;101558;590;5;10137178113;B
20240417;101558;590;30;10137178114;B
20240417;101558;590;1;10137178115;B
20240417;101558;590;1;10137178116;B
20240417;101558;590;175;10137178117;B
20240417;101558;590;7;10137178118;B
20240417;101558;590;2;10137178119;B
20240417;101558;590;31;10137178120;B
20240417;101558;590;1;10137178121;B
20240417;101558;590;77;10137178122;B
20240417;101558;590;25;10137178123;B
20240417;101558;590;10;10137178124;B
20240417;101558;590;1;10137178125;B
20240417;101558;590;3;10137178126;B
20240417;101558;590;10;10137178127;B
20240417;101558;590;51;10137178128;B
20240417;101558;590;10;10137178129;B
20240417;101558;590;1;10137178130;B
20240417;101558;590;5;10137178131;B
20240417;101558;590;2;10137178132;B
20240417;101558;590;40;10137178133;B
20240417;101558;590;9;10137178134;B
20240417;101558;590;173;10137178135;B
20240417;101558;590.05;14;10137178233;B
20240417;101559;590;3;10137178247;S
20240417;101559;590;1;10137178299;S
20240417;101559;590;4;10137178329;S
20240417;101600;590.05;1;10137178420;B
20240417;101600;590.05;5;10137178436;B
20240417;101600;590.05;1;10137178466;B
20240417;101600;590;2;10137178498;S
20240417;101600;590.05;1;10137178558;B
20240417;101601;590.05;5;10137178800;B
20240417;101602;590.05;3;10137178848;B
20240417;101603;590.05;3;10137179152;B
20240417;101604;590.05;13;10137179488;B
20240417;101605;590;1;10137179598;S
20240417;101606;590.05;1;10137179714;B
20240417;101607;590;10;10137179879;S
20240417;101607;590;2;10137179950;S
20240417;101607;590.05;10;10137179963;B
20240417;101608;590.05;5;10137180290;B
20240417;101609;590.05;1;10137180363;B
20240417;101609;590.05;8;10137180383;B
20240417;101609;590.05;5;10137180396;B
20240417;101610;590.05;100;10137180540;B
20240417;101611;590.05;1;10137180703;B
20240417;101611;590.05;1;10137180793;B
20240417;101612;590.05;11;10137180875;B
20240417;101612;590.05;1;10137180901;B
20240417;101612;590;1;10137180939;S
20240417;101613;590.05;1;10137181105;B
20240417;101615;590.05;9;10137181412;B
20240417;101615;590.05;1;10137181437;B
20240417;101615;590;1;10137181438;S
20240417;101616;590.05;120;10137181645;B
20240417;101616;590.05;83;10137181709;B
20240417;101616;590.1;4;10137181710;B
20240417;101616;590.1;5;10137181711;B
20240417;101616;590.1;28;10137181712;B
20240417;101616;590.1;1;10137181744;B
20240417;101616;590.05;1;10137181745;S
20240417;101617;590.05;25;10137181773;S
20240417;101617;590.1;174;10137181811;B
20240417;101617;590.1;59;10137181812;B
20240417;101617;590.15;1;10137181813;B
20240417;101617;590.15;200;10137181814;B
20240417;101617;590.15;1;10137181815;B
20240417;101617;590.15;1;10137181816;B
20240417;101617;590.15;203;10137181817;B
20240417;101617;590.2;5;10137181818;B
20240417;101617;590.2;168;10137181819;B
20240417;101618;590.2;50;10137181928;B
20240417;101619;590.1;3;10137182101;S
20240417;101620;590.2;1;10137182321;B
20240417;101621;590.1;60;10137182490;S
20240417;101622;590.1;110;10137182691;S
20240417;101622;590.1;21;10137182692;S
20240417;101623;590.1;50;10137182882;S
20240417;101625;590.1;6;10137183262;S
20240417;101625;590.1;23;10137183287;S
20240417;101625;590.05;60;10137183288;S
20240417;101625;590.05;120;10137183289;S
20240417;101625;590.05;297;10137183290;S
20240417;101630;590.15;1;10137184058;B
20240417;101631;590.1;20;10137184264;B
20240417;101632;590.1;3;10137184347;B
20240417;101632;590.05;3;10137184367;S
20240417;101632;590.1;1;10137184440;B
20240417;101633;590.05;9;10137184509;S
20240417;101634;590.05;3;10137184611;S
20240417;101635;590.1;3;10137184703;B
20240417;101636;590.05;2;10137184862;B
20240417;101636;590;1;10137184887;S
20240417;101636;590.05;38;10137184897;B
20240417;101636;590.05;9;10137184919;B
20240417;101636;590.05;3;10137184945;B
20240417;101637;590;1;10137185025;S
20240417;101637;590.05;67;10137185091;B
20240417;101639;590.1;2;10137185406;B
20240417;101639;590.15;60;10137185407;B
20240417;101639;590.15;170;10137185408;B
20240417;101639;590.2;152;10137185409;B
20240417;101639;590.2;25;10137185410;B
20240417;101639;590.2;173;10137185411;B
20240417;101639;590.2;381;10137185412;B
20240417;101640;590.2;1;10137185558;S
20240417;101641;590.2;1;10137185603;S
20240417;101641;590.25;1;10137185663;B
20240417;101646;590.2;8;10137186553;S
20240417;101646;590.25;20;10137186620;B
20240417;101646;590.25;1;10137186643;B
20240417;101647;590.25;3;10137186760;B
20240417;101649;590.25;1;10137186948;B
20240417;101649;590.2;20;10137186952;S
20240417;101650;590.25;2;10137187166;B
20240417;101651;590.25;175;10137187188;B
20240417;101651;590.25;3;10137187189;B
20240417;101651;590.25;381;10137187190;B
20240417;101655;590.25;1;10137187838;S
20240417;101655;590.3;500;10137187912;B
20240417;101655;590.3;60;10137187913;B
20240417;101655;590.35;1;10137187914;B
20240417;101655;590.35;203;10137187915;B
20240417;101655;590.35;104;10137187916;B
20240417;101655;590.35;381;10137187917;B
20240417;101655;590.4;750;10137187918;B
20240417;101655;590.4;15;10137187919;B
20240417;101655;590.4;50;10137187920;B
20240417;101655;590.4;1;10137187921;B
20240417;101655;590.4;203;10137187922;B
20240417;101655;590.45;9;10137187923;B
20240417;101655;590.45;500;10137187924;B
20240417;101655;590.45;55;10137187925;B
20240417;101655;590.45;3;10137187926;B
20240417;101655;590.45;20;10137187927;B
20240417;101655;590.45;173;10137187928;B
20240417;101655;590.45;203;10137187929;B
20240417;101655;590.5;1;10137187930;B
20240417;101655;590.5;20;10137187931;B
20240417;101655;590.5;2;10137187932;B
20240417;101655;590.5;25;10137187933;B
20240417;101655;590.5;100;10137187934;B
20240417;101655;590.5;10;10137187935;B
20240417;101655;590.55;2;10137187936;B
20240417;101655;590.55;1;10137187937;B
20240417;101655;590.55;827;10137187938;B
20240417;101655;590.6;581;10137187939;B
20240417;101655;590.55;6;10137187945;B
20240417;101655;590.5;1;10137188018;B
20240417;101656;590.45;7;10137188039;S
20240417;101657;590.45;1;10137188219;B
20240417;101657;590.4;47;10137188258;S
20240417;101659;590.35;1;10137188430;S
20240417;101700;590.35;65;10137188601;S
20240417;101700;590.35;11;10137188606;S
20240417;101700;590.4;40;10137188762;B
20240417;101700;590.45;60;10137188763;B
20240417;101700;590.45;1;10137188764;B
20240417;101700;590.5;112;10137188765;B
20240417;101700;590.55;197;10137188766;B
20240417;101700;590.55;381;10137188767;B
20240417;101700;590.55;173;10137188768;B
20240417;101701;590.6;12;10137188795;B
20240417;101702;590.6;2;10137188972;B
20240417;101703;590.55;1;10137189198;S
20240417;101704;590.6;50;10137189254;B
20240417;101704;590.6;1;10137189293;B
20240417;101704;590.6;1;10137189324;B
20240417;101706;590.6;7;10137189562;B
20240417;101708;590.55;35;10137189862;S
20240417;101708;590.55;35;10137189863;S
20240417;101708;590.55;32;10137189865;S
20240417;101708;590.55;35;10137189866;S
20240417;101708;590.55;200;10137189867;S
20240417;101708;590.55;165;10137189868;S
20240417;101708;590.55;165;10137189869;S
20240417;101708;590.55;133;10137189870;S
20240417;101708;590.55;98;10137189871;S
20240417;101708;590.55;98;10137189872;S
20240417;101708;590.55;133;10137189873;S
20240417;101708;590.55;133;10137189874;S
20240417;101708;590.55;168;10137189875;S
20240417;101708;590.55;154;10137189876;S
20240417;101708;590.55;1;10137189877;B
20240417;101708;590.55;4;10137189878;B
20240417;101709;590.45;1;10137190104;S
20240417;101709;590.5;70;10137190141;B
20240417;101711;590.45;23;10137190349;B
20240417;101711;590.4;1;10137190385;S
20240417;101711;590.45;5;10137190386;B
20240417;101711;590.45;1;10137190436;B
20240417;101712;590.4;2;10137190520;S
20240417;101713;590.45;167;10137190603;B
20240417;101713;590.45;30;10137190604;B
20240417;101713;590.5;303;10137190605;B
20240417;101713;590.5;59;10137190625;B
20240417;101713;590.5;21;10137190626;B
20240417;101717;590.45;10;10137191033;B
20240417;101718;590.5;1;10137191209;B
20240417;101719;590.45;1;10137191385;B
20240417;101719;590.55;1;10137191388;B
20240417;101719;590.55;1;10137191459;B
20240417;101722;590.55;2;10137191761;B
20240417;101723;590.55;21;10137191895;B
20240417;101724;590.4;1;10137192058;S
20240417;101724;590.5;33;10137192144;B
20240417;101725;590.5;5;10137192213;B
20240417;101725;590.5;2;10137192265;B
20240417;101725;590.5;1;10137192279;B
20240417;101730;590.4;6;10137192986;S
20240417;101730;590.4;4;10137192987;S
20240417;101730;590.4;1;10137193001;B
20240417;101731;590.4;2;10137193021;B
20240417;101731;590.4;10;10137193133;B
20240417;101731;590.4;17;10137193191;B
20240417;101731;590.4;1;10137193197;B
20240417;101733;590.4;5;10137193619;B
20240417;101734;590.4;3;10137193754;B
20240417;101734;590.4;9;10137193771;B
20240417;101735;590.4;4;10137193872;B
20240417;101735;590.4;12;10137193889;B
20240417;101735;590.4;4;10137193896;B
20240417;101735;590.4;1;10137193926;B
20240417;101735;590.4;1;10137193939;B
20240417;101736;590.4;6;10137194042;B
20240417;101737;590.35;2;10137194150;S
20240417;101739;590.4;1;10137194408;B
20240417;101739;590.4;11;10137194503;B
20240417;101740;590.4;2;10137194583;B
20240417;101740;590.35;3;10137194647;S
20240417;101740;590.3;5;10137194648;S
20240417;101740;590.35;25;10137194659;B
20240417;101743;590.25;23;10137195123;S
20240417;101744;590.35;1;10137195270;B
20240417;101746;590.35;114;10137195514;B
20240417;101746;590.4;32;10137195515;B
20240417;101747;590.4;10;10137195722;B
20240417;101747;590.4;10;10137195731;B
20240417;101748;590.4;3;10137195747;B
20240417;101749;590.4;1;10137196156;B
20240417;101749;590.4;3;10137196232;B
20240417;101750;590.4;20;10137196631;B
20240417;101750;590.4;3;10137196644;B
20240417;101751;590.4;3;10137196800;B
20240417;101751;590.35;6;10137196896;S
20240417;101751;590.35;10;10137196897;S
20240417;101751;590.35;1;10137196898;S
20240417;101751;590.35;183;10137196899;S
20240417;101751;590.4;50;10137196966;B
20240417;101753;590.4;3;10137197233;B
20240417;101753;590.35;6;10137197299;S
20240417;101754;590.4;500;10137197541;B
20240417;101754;590.35;116;10137197769;S
20240417;101759;590.4;1;10137198954;B
20240417;101800;590.4;16;10137199097;B
20240417;101802;590.35;10;10137199445;S
20240417;101802;590.35;5;10137199508;S
20240417;101802;590.35;59;10137199509;S
20240417;101802;590.35;800;10137199510;S
20240417;101802;590.3;40;10137199511;S
20240417;101802;590.3;96;10137199512;S
20240417;101802;590.25;6;10137199515;S
20240417;101803;590.4;1;10137199690;B
20240417;101804;590.25;4;10137199760;S
20240417;101807;590.35;2;10137200104;B
20240417;101808;590.35;1;10137200207;B
20240417;101812;590.25;1;10137200998;S
20240417;101815;590.35;1;10137201287;B
20240417;101815;590.35;29;10137201288;B
20240417;101818;590.35;7;10137201637;B
20240417;101818;590.35;4;10137201699;B
20240417;101818;590.25;68;10137201727;S
20240417;101818;590.35;13;10137201747;B
20240417;101824;590.25;10;10137202393;S
20240417;101825;590.3;3;10137202512;B
20240417;101826;590.25;57;10137202543;S
20240417;101826;590.3;25;10137202569;B
20240417;101827;590.3;5;10137202687;B
20240417;101827;590.3;2;10137202693;B
20240417;101827;590.3;22;10137202700;B
20240417;101827;590.3;30;10137202726;B
20240417;101828;590.25;13;10137202745;S
20240417;101828;590.3;17;10137202757;B
20240417;101828;590.3;97;10137202772;B
20240417;101828;590.3;11;10137202773;B
20240417;101828;590.3;10;10137202774;B
20240417;101828;590.35;1;10137202815;B
20240417;101828;590.35;7;10137202816;B
20240417;101828;590.35;3;10137202867;B
20240417;101828;590.35;1;10137202868;B
20240417;101828;590.35;8;10137202869;B
20240417;101831;590.35;35;10137203153;B
20240417;101831;590.35;10;10137203173;B
20240417;101832;590.35;3;10137203295;B
20240417;101833;590.35;1;10137203429;B
20240417;101834;590.35;6;10137203527;B
20240417;101834;590.3;200;10137203545;S
20240417;101835;590.3;2;10137203660;S
20240417;101835;590.35;2;10137203729;B
20240417;101835;590.35;66;10137203766;B
20240417;101835;590.3;4;10137203771;S
20240417;101836;590.3;4;10137203832;S
20240417;101836;590.3;3;10137203842;S
20240417;101836;590.35;1;10137203849;B
20240417;101837;590.35;3;10137203940;B
20240417;101838;590.3;1;10137204024;S
20240417;101838;590.35;27;10137204045;B
20240417;101838;590.35;9;10137204060;B
20240417;101838;590.35;1;10137204067;B
20240417;101839;590.3;10;10137204135;S
20240417;101839;590.35;1;10137204140;B
20240417;101839;590.35;11;10137204163;B
20240417;101839;590.35;1;10137204202;B
20240417;101840;590.3;4;10137204235;S
20240417;101840;590.35;50;10137204291;B
20240417;101842;590.3;11;10137204497;S
20240417;101844;590.35;6;10137204709;B
20240417;101844;590.3;3;10137204717;S
20240417;101844;590.3;5;10137204754;S
20240417;101844;590.35;1;10137204769;B
20240417;101845;590.35;1;10137204828;B
20240417;101845;590.35;2;10137204839;B
20240417;101846;590.35;1;10137205004;B
20240417;101847;590.3;4;10137205158;S
20240417;101848;590.35;2;10137205251;B
20240417;101848;590.35;7;10137205338;B
20240417;101849;590.35;45;10137205351;B
20240417;101849;590.35;12;10137205352;B
20240417;101851;590.35;1;10137205618;B
20240417;101852;590.3;131;10137205687;S
20240417;101852;590.3;63;10137205688;S
20240417;101852;590.35;2;10137205727;B
20240417;101854;590.35;1;10137205939;B
20240417;101855;590.35;1;10137206061;B
20240417;101857;590.35;15;10137206270;B
20240417;101857;590.3;337;10137206271;S
20240417;101857;590.3;10;10137206272;B
20240417;101857;590.25;93;10137206273;S
20240417;101857;590.25;7;10137206297;S
20240417;101858;590.25;3;10137206392;S
20240417;101858;590.3;1;10137206410;B
20240417;101902;590.25;3;10137206987;S
20240417;101903;590.3;10;10137207153;B
20240417;101905;590.3;5;10137207496;B
20240417;101906;590.25;2;10137207541;S
20240417;101906;590.3;100;10137207562;B
20240417;101906;590.3;1;10137207585;B
20240417;101906;590.3;4;10137207609;B
20240417;101908;590.3;30;10137207762;B
20240417;101908;590.3;33;10137207787;B
20240417;101908;590.3;96;10137207788;B
20240417;101908;590.3;371;10137207789;B
20240417;101908;590.3;165;10137207823;B
20240417;101908;590.25;6;10137207846;S
20240417;101909;590.3;100;10137207878;B
20240417;101909;590.3;180;10137207919;B
20240417;101909;590.3;50;10137207942;B
20240417;101909;590.3;2;10137207963;B
20240417;101912;590.3;1;10137208232;B
20240417;101914;590.3;5;10137208393;B
20240417;101914;590.3;1;10137208399;B
20240417;101914;590.3;5;10137208426;B
20240417;101916;590.25;25;10137208605;S
20240417;101916;590.3;22;10137208631;B
20240417;101916;590.3;177;10137208632;B
20240417;101916;590.3;173;10137208633;B
20240417;101916;590.3;128;10137208634;B
20240417;101916;590.25;3;10137208639;S
20240417;101919;590.25;271;10137208924;S
20240417;101920;590.3;6;10137208964;B
20240417;101920;590.25;5;10137209155;S
20240417;101921;590.3;1;10137209417;B
20240417;101922;590.3;100;10137209488;B
20240417;101922;590.25;54;10137209504;S
20240417;101925;590.3;1;10137209897;B
20240417;101925;590.3;1;10137209916;B
20240417;101926;590.3;1;10137210103;B
20240417;101926;590.3;10;10137210104;B
20240417;101927;590.25;195;10137210266;S
20240417;101928;590.25;50;10137210427;S
20240417;101928;590.3;6;10137210485;B
20240417;101932;590.3;1;10137210933;B
20240417;101932;590.25;3;10137211058;S
20240417;101933;590.25;538;10137211177;S
20240417;101933;590.25;2;10137211178;S
20240417;101933;590.25;100;10137211179;S
20240417;101933;590.25;1;10137211180;S
20240417;101933;590.25;1;10137211181;S
20240417;101936;590.2;7;10137211470;S
20240417;101937;590.25;1;10137211488;B
20240417;101937;590.25;39;10137211508;B
20240417;101939;590.25;1;10137211751;B
20240417;101943;590.2;1;10137212291;S
20240417;101943;590.25;20;10137212333;B
20240417;101944;590.25;43;10137212396;B
20240417;101944;590.2;799;10137212399;S
20240417;101944;590.2;47;10137212400;S
20240417;101944;590.15;170;10137212483;B
20240417;101944;590.15;65;10137212484;B
20240417;101944;590.15;173;10137212485;B
20240417;101944;590.2;265;10137212486;B
20240417;101944;590.25;32;10137212487;B
20240417;101944;590.25;5;10137212488;B
20240417;101944;590.3;1;10137212497;B
20240417;101945;590.25;385;10137212567;S
20240417;101947;590.25;5;10137212766;S
20240417;101947;590.3;1;10137212824;B
20240417;101947;590.3;373;10137212887;B
20240417;101947;590.3;5;10137212888;B
20240417;101947;590.3;173;10137212889;B
20240417;101947;590.3;99;10137212890;B
20240417;101948;590.3;4;10137212958;B
20240417;101948;590.25;12;10137212968;S
20240417;101948;590.3;16;10137212999;B
20240417;101951;590.25;1111;10137213200;S
20240417;101952;590.3;2;10137213339;B
20240417;101953;590.25;500;10137213493;S
20240417;101954;590.3;12;10137213522;B
20240417;101954;590.25;1;10137213560;S
20240417;101955;590.3;1;10137213737;B
20240417;101956;590.3;5;10137213756;B
20240417;101957;590.3;133;10137213998;B
20240417;101957;590.3;27;10137213999;B
20240417;101958;590.3;143;10137214024;B
20240417;101958;590.3;57;10137214025;B
20240417;101958;590.25;9;10137214059;S
20240417;101958;590.3;317;10137214099;B
20240417;101958;590.3;183;10137214100;B
20240417;101958;590.3;1;10137214101;B
20240417;101959;590.3;1;10137214142;B
20240417;101959;590.25;17;10137214173;S
20240417;102000;590.3;2;10137214237;B
20240417;102000;590.25;125;10137214238;S
20240417;102002;590.3;1;10137214396;B
20240417;102002;590.25;100;10137214408;S
20240417;102003;590.25;3;10137214537;S
20240417;102006;590.3;9;10137214813;B
20240417;102006;590.25;22;10137214913;S
20240417;102006;590.25;4;10137214914;S
20240417;102006;590.25;1;10137214915;S
20240417;102008;590.3;1;10137215087;B
20240417;102008;590.3;1;10137215089;B
20240417;102008;590.3;1;10137215198;B
20240417;102010;590.3;4;10137215489;B
20240417;102012;590.25;2;10137215862;S
20240417;102012;590.25;298;10137215883;B
20240417;102012;590.25;173;10137215884;B
20240417;102012;590.25;67;10137215885;B
20240417;102012;590.25;170;10137215886;B
20240417;102012;590.25;54;10137215887;B
20240417;102016;590.25;9;10137216431;B
20240417;102017;590.2;100;10137216609;S
20240417;102017;590.1;20;10137216610;S
20240417;102017;590.1;120;10137216611;S
20240417;102017;590.1;2;10137216612;S
20240417;102017;590.1;2;10137216613;S
20240417;102017;590.1;5;10137216614;S
20240417;102017;590.1;67;10137216615;S
20240417;102017;590.05;10;10137216616;S
20240417;102017;590.05;2;10137216617;S
20240417;102017;590.05;18;10137216618;S
20240417;102017;590.05;33;10137216619;S
20240417;102017;590;521;10137216620;S
20240417;102018;590;21;10137216723;S
20240417;102022;590.1;67;10137217183;B
20240417;102022;590.1;173;10137217184;B
20240417;102022;590.2;1;10137217844;B
20240417;102023;590.2;172;10137218060;B
20240417;102023;590.25;152;10137218061;B
20240417;102023;590.3;198;10137218062;B
20240417;102027;590.15;1;10137221896;B
20240417;102027;590.05;35;10137221907;S
20240417;102033;590.15;172;10137223639;B
20240417;102033;590.15;1;10137223640;B
20240417;102034;590.2;3;10137224223;B
20240417;102034;590.2;67;10137224224;B
20240417;102034;590.25;108;10137224225;B
20240417;102034;590.25;173;10137224226;B
20240417;102034;590.3;1;10137224227;B
20240417;102034;590.3;237;10137224228;B
20240417;102034;590.25;33;10137224247;B
20240417;102035;590.25;1;10137224509;B
20240417;102040;590.1;1;10137226521;S
20240417;102041;590.2;2;10137227058;S
20240417;102041;590.1;67;10137227059;S
20240417;102041;590.1;170;10137227060;S
20240417;102041;590.05;500;10137227061;S
20240417;102041;590.05;33;10137227062;S
20240417;102041;590.05;4;10137227063;S
20240417;102041;590;458;10137227064;S
20240417;102041;590;10;10137227065;S
20240417;102041;590;3;10137227066;S
20240417;102041;590;1;10137227067;S
20240417;102041;590;2;10137227068;S
20240417;102041;590;3;10137227069;S
20240417;102041;590;247;10137227070;S
20240417;102042;590;1;10137227099;S
20240417;102043;590;2;10137227491;S
20240417;102044;590.15;173;10137227505;B
20240417;102044;590.15;67;10137227506;B
20240417;102045;590.25;67;10137227749;B
20240417;102045;590.25;173;10137227750;B
20240417;102045;590.3;282;10137227751;B
20240417;102047;590.1;1;10137228522;S
20240417;102049;590.1;5;10137229992;S
20240417;102050;590.1;94;10137230200;S
20240417;102050;590.05;4;10137230201;S
20240417;102050;590.05;2;10137230202;S
20240417;102052;590.25;1;10137230635;B
20240417;102052;590.25;1;10137230650;B
20240417;102052;590.25;1;10137230656;B
20240417;102053;590.25;34;10137230736;B
20240417;102053;590.25;54;10137230737;B
20240417;102053;590.25;67;10137230738;B
20240417;102053;590.3;1;10137230739;B
20240417;102053;590.3;10;10137230740;B
20240417;102053;590.3;4;10137230741;B
20240417;102055;590.25;29;10137231307;B
20240417;102055;590.25;27;10137231308;B
20240417;102056;590.25;67;10137231618;B
20240417;102056;590.3;374;10137231619;B
20240417;102056;590.3;13;10137231620;B
20240417;102056;590.3;50;10137231621;B
20240417;102056;590.3;202;10137231622;B
20240417;102057;590.15;2;10137232756;S
20240417;102059;590.25;1;10137233182;S
20240417;102059;590.25;1;10137233187;B
20240417;102059;590.25;1;10137233188;B
20240417;102059;590.25;1;10137233190;B
20240417;102059;590.25;1;10137233198;B
20240417;102101;590.25;5;10137233468;B
20240417;102101;590.25;11;10137233469;B
20240417;102102;590.3;1;10137233799;B
20240417;102103;590.1;38;10137234106;S
20240417;102103;590.1;60;10137234107;S
20240417;102104;590.3;1;10137234654;B
20240417;102106;590.3;502;10137234999;B
20240417;102106;590.3;7;10137235000;B
20240417;102106;590.3;3;10137235001;B
20240417;102106;590.3;250;10137235002;B
20240417;102107;590.1;66;10137235863;S
20240417;102107;590.1;170;10137235864;S
20240417;102107;590.1;64;10137235865;S
20240417;102109;590.05;4;10137236874;S
20240417;102109;590.05;25;10137236875;S
20240417;102109;590.05;100;10137236876;S
20240417;102109;590.05;23;10137236877;S
20240417;102111;590.1;3;10137237151;B
20240417;102113;590;5;10137238646;S
20240417;102114;590.05;1;10137238829;B
20240417;102114;590.05;1;10137238834;B
20240417;102114;590.05;1;10137238838;B
20240417;102114;590.05;1;10137238839;B
20240417;102114;590.05;1;10137238851;B
20240417;102114;590.05;1;10137238855;B
20240417;102116;590.05;60;10137238958;B
20240417;102116;590.05;173;10137238959;B
20240417;102116;590.15;1;10137238973;B
20240417;102116;590.15;168;10137238975;B
20240417;102117;590.15;331;10137239090;B
20240417;102117;590.15;100;10137239091;B
20240417;102117;590.15;98;10137239092;B
20240417;102117;590.15;5;10137239128;B
20240417;102118;590.05;100;10137239176;S
20240417;102118;590.05;70;10137239177;S
20240417;102118;590.05;230;10137239178;S
20240417;102118;590.05;1;10137239281;S
20240417;102120;590.15;1;10137239685;B
20240417;102122;590.15;10;10137239882;B
20240417;102123;590.1;2;10137239925;B
20240417;102123;590.15;8;10137239926;B
20240417;102126;590.15;2;10137240405;B
20240417;102127;590.15;276;10137240418;B
20240417;102127;590.15;486;10137240419;B
20240417;102127;590.05;35;10137240503;S
20240417;102127;590.05;2;10137240506;S
20240417;102127;590.05;35;10137240591;S
20240417;102127;590.05;65;10137240592;S
20240417;102127;590.05;309;10137240593;S
20240417;102128;590.05;10;10137240637;B
20240417;102130;590;76;10137242951;S
20240417;102131;590.05;8;10137243471;B
20240417;102132;590;179;10137243640;S
20240417;102132;590;116;10137243641;S
20240417;102132;590;4;10137243642;S
20240417;102132;590;1;10137243643;S
20240417;102134;590.05;1;10137243798;B
20240417;102135;590;1;10137243885;S
20240417;102135;590;2;10137243937;S
20240417;102135;590.05;2;10137243943;B
20240417;102137;590.05;170;10137244247;B
20240417;102137;590.1;1;10137244412;B
20240417;102137;590.15;4;10137244413;B
20240417;102137;590.15;67;10137244414;B
20240417;102137;590.2;4;10137244415;B
20240417;102138;590.2;34;10137244426;B
20240417;102138;590.25;374;10137244427;B
20240417;102138;590.3;184;10137244428;B
20240417;102139;590.3;1;10137244808;B
20240417;102141;590.3;16;10137246055;B
20240417;102141;590.1;8;10137246059;S
20240417;102142;590.25;1;10137246471;B
20240417;102142;590.1;16;10137246475;S
20240417;102144;590.2;5;10137247819;B
20240417;102148;590.25;7;10137248288;B
20240417;102149;590.3;30;10137248564;B
20240417;102149;590.3;10;10137248565;B
20240417;102149;590.3;66;10137248566;B
20240417;102149;590.35;3;10137248567;B
20240417;102149;590.35;646;10137248568;B
20240417;102150;590.35;3;10137248810;B
20240417;102150;590.15;2;10137248915;S
20240417;102154;590.2;5;10137249629;S
20240417;102154;590.2;2;10137249704;S
20240417;102156;590.35;2;10137250370;B
20240417;102159;590.35;762;10137251114;B
20240417;102159;590.2;93;10137252101;S
20240417;102201;590.2;7;10137252886;B
20240417;102201;590.3;3;10137252887;B
20240417;102204;590.2;9;10137253423;S
20240417;102204;590.15;64;10137253424;S
20240417;102205;590.15;2;10137253801;B
20240417;102209;590.15;25;10137254808;B
20240417;102209;590.15;21;10137254809;B
20240417;102210;590.3;64;10137255044;B
20240417;102210;590.3;381;10137255063;B
20240417;102210;590.35;335;10137255064;B
20240417;102214;590.35;10;10137257359;B
20240417;102214;590.15;2;10137257382;S
20240417;102215;590.3;1;10137258241;B
20240417;102216;590.3;2;10137258475;B
20240417;102218;590.3;10;10137258826;B
20240417;102219;590.05;41;10137259077;S
20240417;102219;590.05;1;10137259078;S
20240417;102219;590.05;66;10137259079;S
20240417;102219;590.05;381;10137259080;S
20240417;102219;590;16;10137259081;S
20240417;102219;590;166;10137259082;S
20240417;102219;590;5;10137259083;S
20240417;102219;590;1;10137259084;S
20240417;102219;590;10;10137259085;S
20240417;102219;590;84;10137259086;S
20240417;102219;590;1;10137259087;S
20240417;102219;590;1;10137259088;S
20240417;102219;590;15;10137259089;S
20240417;102219;590;100;10137259090;S
20240417;102219;590;500;10137259091;S
20240417;102219;590;3;10137259092;S
20240417;102219;590;6;10137259093;S
20240417;102219;590;10;10137259094;S
20240417;102219;590;2;10137259095;S
20240417;102219;590;100;10137259096;S
20240417;102219;590;1;10137259097;S
20240417;102219;590;2;10137259098;S
20240417;102219;590;100;10137259099;S
20240417;102219;590;4;10137259100;S
20240417;102219;590;1;10137259101;S
20240417;102219;590;2;10137259102;S
20240417;102219;590;173;10137259103;S
20240417;102219;590;5;10137259104;S
20240417;102219;590;1;10137259105;S
20240417;102220;590;762;10137259163;B
20240417;102220;590;1;10137259302;B
20240417;102221;590;11;10137259342;B
20240417;102222;590;4;10137260367;B
20240417;102223;590;500;10137261650;B
20240417;102224;590;1;10137261839;B
20240417;102225;589.95;1;10137262035;S
20240417;102226;590;3;10137262385;B
20240417;102229;589.95;1;10137263134;S
20240417;102229;589.95;1;10137263135;S
20240417;102229;589.95;17;10137263136;S
20240417;102230;590;762;10137263374;B
20240417;102238;590;1;10137265940;B
20240417;102240;590;762;10137266370;B
20240417;102241;590;50;10137268797;B
20240417;102246;590;4;10137270317;B
20240417;102248;590;200;10137270673;B
20240417;102249;590;1;10137271019;B
20240417;102249;589.9;1;10137271160;S
20240417;102250;590;140;10137271269;B
20240417;102250;590;2;10137271270;B
20240417;102250;590;200;10137271271;B
20240417;102250;590.05;1;10137271419;B
20240417;102250;590;45;10137271455;S
20240417;102251;590.05;1;10137271530;B
20240417;102251;590.15;375;10137271531;B
20240417;102254;590;10;10137274259;S
20240417;102254;590;3;10137274260;S
20240417;102254;589.95;69;10137274261;S
20240417;102254;589.9;1;10137274412;S
20240417;102256;589.95;6;10137274837;B
20240417;102257;589.9;64;10137275217;S
20240417;102257;589.95;2;10137275248;B
20240417;102259;589.95;50;10137275836;B
20240417;102300;589.95;3;10137276254;B
20240417;102301;589.95;37;10137276376;B
20240417;102301;590;2;10137276457;B
20240417;102302;590;8;10137276793;B
20240417;102302;590;69;10137276794;B
20240417;102302;590.05;381;10137276795;B
20240417;102302;590.1;42;10137276796;B
20240417;102302;590.1;173;10137276797;B
20240417;102302;590.15;52;10137276798;B
20240417;102305;589.95;69;10137278804;S
20240417;102305;589.95;119;10137278805;S
20240417;102306;590.1;2;10137278858;B
20240417;102306;590.1;48;10137278859;B
20240417;102306;589.95;11;10137279974;S
20240417;102309;589.95;170;10137280650;S
20240417;102311;589.95;2;10137281330;B
20240417;102312;589.95;28;10137281447;B
20240417;102312;590.1;1;10137281590;B
20240417;102313;590.1;9;10137281736;B
20240417;102313;590.1;68;10137281737;B
20240417;102313;590.15;596;10137281738;B
20240417;102313;590.15;7;10137281852;B
20240417;102313;590.05;16;10137281858;S
20240417;102318;590.15;10;10137283263;B
