<DATE>;<TIME>;<LAST>;<VOL>;<ID>;<OPER>
20240227;095944;575.5;2;9702584122;B
20240227;095944;575.5;1;9702584123;B
20240227;095944;575.5;2;9702584124;B
20240227;095944;575.5;1;9702584125;B
20240227;095944;575.5;10;9702584126;B
20240227;095944;575.5;6;9702584127;B
20240227;095944;575.5;10;9702584128;B
20240227;095944;575.5;1;9702584129;B
20240227;095944;575.5;1;9702584130;B
20240227;095944;575.5;6;9702584131;B
20240227;095944;575.5;2;9702584132;B
20240227;095944;575.5;1;9702584133;B
20240227;095944;575.5;1;9702584134;B
20240227;095944;575.5;20;9702584135;B
20240227;095944;575.5;46;9702584136;B
20240227;095944;575.5;4;9702584137;B
20240227;095944;575.5;1;9702584138;B
20240227;095944;575.5;2;9702584139;B
20240227;095944;575.5;3;9702584140;B
20240227;095944;575.5;1;9702584141;B
20240227;095944;575.5;8;9702584142;B
20240227;095944;575.5;1;9702584143;B
20240227;095944;575.5;1191;9702584144;B
20240227;095944;575.5;2;9702584145;B
20240227;095944;575.5;1;9702584146;B
20240227;095944;575.5;1;9702584147;B
20240227;095944;575.5;1;9702584148;B
20240227;095944;575.5;70;9702584149;B
20240227;095944;575.5;15;9702584150;B
20240227;095944;575.5;938;9702584151;B
20240227;095944;575.5;10;9702584152;B
20240227;095944;575.5;2;9702584153;B
20240227;095944;575.5;20;9702584154;B
20240227;095944;575.5;2;9702584155;B
20240227;095944;575.5;9;9702584156;B
20240227;095944;575.5;10;9702584157;B
20240227;095944;575.5;200;9702584158;B
20240227;095944;575.5;1;9702584159;S
20240227;095944;575.5;3;9702584160;B
20240227;095944;575.5;2;9702584161;S
20240227;095944;575.5;2;9702584162;S
20240227;095944;575.5;1;9702584163;S
20240227;095944;575.5;1;9702584164;S
20240227;095944;575.5;2;9702584165;S
20240227;095944;575.5;2;9702584166;S
20240227;095944;575.5;1;9702584167;S
20240227;095944;575.5;1;9702584168;S
20240227;095944;575.5;1;9702584169;S
20240227;095944;575.5;10;9702584170;S
20240227;095944;575.5;2;9702584171;B
20240227;095944;575.5;4;9702584172;S
20240227;095944;575.5;2;9702584173;S
20240227;095944;575.5;3;9702584174;S
20240227;095944;575.5;1;9702584175;S
20240227;095944;575.5;2;9702584176;S
20240227;095944;575.5;7;9702584177;S
20240227;095944;575.5;2;9702584178;S
20240227;095944;575.5;32;9702584179;S
20240227;095944;575.5;260;9702584180;S
20240227;095944;575.5;1500;9702584181;S
20240227;095944;575.5;40;9702584182;S
20240227;095944;575.5;2;9702584183;S
20240227;095944;575.5;304;9702584184;B
20240227;095944;575.5;5;9702584185;B
20240227;095944;575.5;1;9702584186;S
20240227;095944;575.5;2;9702584187;S
20240227;095944;575.5;7;9702584188;B
20240227;095944;575.5;10;9702584189;B
20240227;095944;575.5;2;9702584190;B
20240227;095944;575.5;7;9702584191;B
20240227;095944;575.5;300;9702584192;B
20240227;095944;575.5;100;9702584193;B
20240227;095944;575.5;1;9702584194;B
20240227;095944;575.5;1001;9702584195;S
20240227;095944;575.5;10;9702584196;B
20240227;095944;575.5;500;9702584197;B
20240227;095944;575.5;4;9702584198;S
20240227;095944;575.5;1;9702584199;S
20240227;095944;575.5;2;9702584200;S
20240227;095944;575.5;1;9702584201;S
20240227;095944;575.5;1;9702584202;S
20240227;095944;575.5;70;9702584203;S
20240227;095944;575.5;1;9702584204;S
20240227;095944;575.5;1;9702584205;S
20240227;095944;575.5;1;9702584206;S
20240227;095944;575.5;4;9702584207;S
20240227;095944;575.5;1;9702584208;S
20240227;095944;575.5;2;9702584209;S
20240227;095944;575.5;1;9702584210;S
20240227;095944;575.5;1;9702584211;S
20240227;095944;575.5;2;9702584212;S
20240227;095944;575.5;1;9702584213;S
20240227;095944;575.5;2;9702584214;S
20240227;095944;575.5;1;9702584215;S
20240227;095944;575.5;100;9702584216;S
20240227;095944;575.5;2;9702584217;S
20240227;095944;575.5;2;9702584218;S
20240227;095944;575.5;2;9702584219;S
20240227;095944;575.5;2;9702584220;S
20240227;095944;575.5;1;9702584221;S
20240227;095944;575.5;2;9702584222;S
20240227;095944;575.5;2;9702584223;S
20240227;095944;575.5;2;9702584224;S
20240227;095944;575.5;2;9702584225;S
20240227;095944;575.5;1;9702584226;S
20240227;095944;575.5;1;9702584227;S
20240227;095944;575.5;40;9702584228;S
20240227;095944;575.5;10;9702584229;S
20240227;095944;575.5;13;9702584230;S
20240227;095944;575.5;4;9702584231;S
20240227;095944;575.5;2;9702584232;S
20240227;095944;575.5;1;9702584233;S
20240227;095944;575.5;1;9702584234;S
20240227;095944;575.5;5;9702584235;S
20240227;095944;575.5;2;9702584236;S
20240227;095944;575.5;2;9702584237;S
20240227;095944;575.5;2;9702584238;S
20240227;095944;575.5;10;9702584239;S
20240227;095944;575.5;1;9702584240;S
20240227;095944;575.5;10;9702584241;S
20240227;095944;575.5;5;9702584242;S
20240227;095944;575.5;2;9702584243;S
20240227;095944;575.5;2;9702584244;S
20240227;095944;575.5;2;9702584245;S
20240227;095944;575.5;1;9702584246;S
20240227;095944;575.5;2;9702584247;S
20240227;095944;575.5;1;9702584248;S
20240227;095944;575.5;1;9702584249;S
20240227;095944;575.5;5;9702584250;S
20240227;095944;575.5;4;9702584251;S
20240227;095944;575.5;10;9702584252;S
20240227;095944;575.5;1;9702584253;S
20240227;095944;575.5;1;9702584254;S
20240227;095944;575.5;2;9702584255;S
20240227;095944;575.5;1;9702584256;S
20240227;095944;575.5;3;9702584257;S
20240227;095944;575.5;1;9702584258;S
20240227;095944;575.5;1;9702584259;S
20240227;095944;575.5;10;9702584260;S
20240227;095944;575.5;1;9702584261;S
20240227;095944;575.5;2;9702584262;S
20240227;095944;575.5;10;9702584263;S
20240227;095944;575.5;1;9702584264;S
20240227;095944;575.5;2;9702584265;S
20240227;095944;575.5;8;9702584266;S
20240227;095944;575.5;10;9702584267;S
20240227;095944;575.5;81;9702584268;S
20240227;095944;575.5;140;9702584269;B
20240227;095944;575.5;1;9702584270;B
20240227;095944;575.5;78;9702584271;B
20240227;095944;575.5;2;9702584272;B
20240227;095944;575.5;15;9702584273;B
20240227;095944;575.5;1;9702584274;B
20240227;095944;575.5;2;9702584275;B
20240227;095944;575.5;10;9702584276;B
20240227;095944;575.5;200;9702584277;B
20240227;095944;575.5;50;9702584278;B
20240227;095944;575.5;9;9702584279;S
20240227;095944;575.5;18;9702584280;S
20240227;095944;575.5;5;9702584281;S
20240227;095944;575.5;2;9702584282;S
20240227;095944;575.5;2;9702584283;S
20240227;095944;575.5;1;9702584284;S
20240227;095944;575.5;1;9702584285;S
20240227;095944;575.5;50;9702584286;B
20240227;095944;575.5;2;9702584287;B
20240227;100000;575.4;39;9702588216;S
20240227;100000;575.4;100;9702588254;S
20240227;100000;575.4;91;9702588281;S
20240227;100000;575.35;24;9702588388;S
20240227;100000;575.35;410;9702588404;S
20240227;100000;575.35;139;9702588405;S
20240227;100000;575.3;139;9702588417;S
20240227;100000;575.25;5;9702588473;S
20240227;100000;575.25;139;9702588474;S
20240227;100000;575.15;4;9702588507;S
20240227;100000;575.1;2;9702588512;S
20240227;100000;575.1;2;9702588513;S
20240227;100000;575.1;2;9702588514;S
20240227;100000;575.1;1;9702588515;S
20240227;100000;575.1;5;9702588516;S
20240227;100000;575.1;1;9702588517;S
20240227;100000;575.1;43;9702588518;S
20240227;100000;575.1;85;9702588626;S
20240227;100000;575.4;1;9702588808;B
20240227;100000;575.1;11;9702588811;S
20240227;100000;575.1;53;9702588978;S
20240227;100001;575.1;308;9702589602;S
20240227;100001;575.1;105;9702589603;S
20240227;100001;575.1;17;9702589890;S
20240227;100001;575.15;1;9702590138;B
20240227;100001;575.1;66;9702590307;S
20240227;100001;575.15;1;9702590363;B
20240227;100001;575.15;1;9702590645;B
20240227;100001;575.1;49;9702590759;S
20240227;100002;575.1;67;9702590816;S
20240227;100002;575.1;26;9702591174;S
20240227;100002;575.1;79;9702591275;S
20240227;100002;575.1;44;9702591297;S
20240227;100003;575.1;1;9702591869;S
20240227;100004;575.1;1;9702592405;S
20240227;100004;575.1;1;9702592561;S
20240227;100004;575.15;5;9702592734;B
20240227;100004;575.15;1;9702592735;B
20240227;100004;575.1;2;9702592737;S
20240227;100004;575.15;2;9702592738;B
20240227;100004;575.15;1;9702592739;B
20240227;100004;575.15;2;9702592746;B
20240227;100004;575.15;1;9702592748;B
20240227;100004;575.15;1;9702592749;B
20240227;100004;575.1;1;9702592750;S
20240227;100004;575.15;2;9702592752;B
20240227;100004;575.15;1;9702592753;B
20240227;100004;575.1;2;9702592754;S
20240227;100004;575.15;2;9702592755;B
20240227;100004;575.15;2;9702592756;B
20240227;100004;575.15;2;9702592757;B
20240227;100004;575.1;1;9702592759;S
20240227;100005;575.15;3;9702592951;B
20240227;100005;575.1;1;9702593056;S
20240227;100005;575.1;1;9702593057;S
20240227;100005;575.15;3;9702593107;B
20240227;100005;575.15;1;9702593108;B
20240227;100005;575.15;1;9702593109;B
20240227;100005;575.15;2;9702593110;B
20240227;100005;575.1;3;9702593111;S
20240227;100005;575.1;1;9702593112;S
20240227;100005;575.15;1;9702593113;B
20240227;100005;575.15;2;9702593114;B
20240227;100005;575.1;1;9702593115;S
20240227;100005;575.15;1;9702593116;B
20240227;100005;575.15;3;9702593117;B
20240227;100005;575.15;1;9702593118;B
20240227;100005;575.1;4;9702593276;S
20240227;100005;575.15;1;9702593277;B
20240227;100005;575.15;1;9702593278;B
20240227;100005;575.1;2;9702593279;S
20240227;100005;575.1;2;9702593280;S
20240227;100005;575.15;2;9702593286;B
20240227;100005;575.15;1;9702593291;B
20240227;100005;575.15;1;9702593292;B
20240227;100005;575.15;2;9702593294;B
20240227;100005;575.15;2;9702593435;B
20240227;100005;575.15;20;9702593436;B
20240227;100005;575.15;2;9702593437;B
20240227;100005;575.15;1;9702593438;B
20240227;100005;575.1;1;9702593440;S
20240227;100005;575.15;1;9702593441;B
20240227;100005;575.1;2;9702593442;S
20240227;100005;575.15;1;9702593443;B
20240227;100005;575.15;2;9702593445;B
20240227;100005;575.15;1;9702593446;B
20240227;100005;575.15;2;9702593749;B
20240227;100005;575.15;1;9702593753;B
20240227;100005;575.15;2;9702593758;B
20240227;100005;575.15;1;9702593760;B
20240227;100005;575.15;3;9702593762;B
20240227;100005;575.15;1;9702593766;B
20240227;100005;575.15;4;9702593767;B
20240227;100005;575.15;2;9702593768;B
20240227;100005;575.15;1;9702593770;B
20240227;100005;575.1;2;9702593771;S
20240227;100005;575.15;2;9702593774;B
20240227;100005;575.15;2;9702593776;B
20240227;100005;575.15;4;9702593778;B
20240227;100005;575.15;2;9702593780;B
20240227;100005;575.1;2;9702593781;S
20240227;100005;575.15;1;9702593785;B
20240227;100005;575.1;2;9702593786;S
20240227;100005;575.1;2;9702593790;S
20240227;100005;575.1;2;9702593792;S
20240227;100005;575.15;1;9702593796;B
20240227;100005;575.15;1;9702593797;B
20240227;100005;575.15;1;9702593800;B
20240227;100005;575.15;1;9702593804;B
20240227;100005;575.15;1;9702593806;B
20240227;100005;575.1;3;9702593809;S
20240227;100005;575.15;1;9702593810;B
20240227;100005;575.15;2;9702593813;B
20240227;100005;575.15;5;9702593966;B
20240227;100005;575.15;1;9702593967;B
20240227;100005;575.15;2;9702593968;B
20240227;100005;575.15;2;9702593970;B
20240227;100005;575.15;1;9702593971;B
20240227;100005;575.1;2;9702593973;S
20240227;100005;575.15;1;9702593974;B
20240227;100005;575.1;2;9702593975;S
20240227;100005;575.1;3;9702593976;S
20240227;100005;575.15;2;9702593979;B
20240227;100005;575.15;2;9702593980;B
20240227;100005;575.1;2;9702593981;S
20240227;100005;575.15;1;9702593982;B
20240227;100005;575.1;10;9702593984;S
20240227;100005;575.1;2;9702593986;S
20240227;100005;575.15;166;9702593988;B
20240227;100005;575.15;96;9702593989;B
20240227;100005;575.15;138;9702593990;B
20240227;100005;575.15;2;9702593992;B
20240227;100005;575.15;1;9702593996;B
20240227;100005;575.15;1;9702594000;B
20240227;100005;575.15;10;9702594001;B
20240227;100006;575.15;2;9702594150;B
20240227;100006;575.15;2;9702594151;B
20240227;100006;575.15;2;9702594152;B
20240227;100006;575.15;1;9702594153;B
20240227;100006;575.15;2;9702594154;B
20240227;100006;575.15;2;9702594156;B
20240227;100006;575.1;12;9702594157;S
20240227;100006;575.15;2;9702594158;B
20240227;100006;575.15;2;9702594160;B
20240227;100006;575.15;2;9702594161;B
20240227;100006;575.15;10;9702594319;B
20240227;100006;575.15;1;9702594324;B
20240227;100006;575.15;1;9702594325;B
20240227;100006;575.15;6;9702594329;B
20240227;100006;575.15;2;9702594330;B
20240227;100006;575.15;2;9702594331;B
20240227;100006;575.15;8;9702594412;B
20240227;100006;575.15;1;9702594506;B
20240227;100006;575.15;1;9702594507;B
20240227;100006;575.15;7;9702594530;B
20240227;100006;575.15;1;9702594532;B
20240227;100006;575.1;2;9702594534;S
20240227;100006;575.15;5;9702594539;B
20240227;100006;575.15;1;9702594542;B
20240227;100006;575.15;1;9702594546;B
20240227;100006;575.15;1;9702594550;B
20240227;100006;575.15;1;9702594551;B
20240227;100006;575.15;1;9702594559;B
20240227;100006;575.15;1;9702594564;B
20240227;100006;575.15;1;9702594566;B
20240227;100006;575.1;2;9702594646;S
20240227;100006;575.15;1;9702594647;B
20240227;100006;575.15;2;9702594648;B
20240227;100006;575.15;1;9702594650;B
20240227;100006;575.15;1;9702594651;B
20240227;100006;575.1;2;9702594652;S
20240227;100006;575.15;1;9702594653;B
20240227;100006;575.1;2;9702594654;S
20240227;100006;575.15;1;9702594655;B
20240227;100006;575.1;2;9702594658;S
20240227;100006;575.15;1;9702594660;B
20240227;100006;575.15;1;9702594661;B
20240227;100006;575.15;1;9702594662;B
20240227;100006;575.15;1;9702594664;B
20240227;100006;575.15;2;9702594668;B
20240227;100006;575.15;1;9702594669;B
20240227;100006;575.15;2;9702594994;B
20240227;100006;575.15;8;9702595045;B
20240227;100006;575.1;1;9702595046;S
20240227;100006;575.15;2;9702595048;B
20240227;100006;575.1;6;9702595050;S
20240227;100006;575.1;3;9702595052;S
20240227;100006;575.15;1;9702595066;B
20240227;100006;575.15;3;9702595071;B
20240227;100006;575.15;2;9702595072;B
20240227;100006;575.15;1;9702595074;B
20240227;100006;575.15;1;9702595078;B
20240227;100006;575.15;1;9702595081;B
20240227;100006;575.1;1;9702595085;S
20240227;100006;575.1;2;9702595087;S
20240227;100006;575.15;2;9702595088;B
20240227;100006;575.15;2;9702595095;B
20240227;100006;575.15;2;9702595096;B
20240227;100006;575.15;2;9702595101;B
20240227;100006;575.1;1;9702595104;S
20240227;100006;575.15;2;9702595109;B
20240227;100006;575.1;36;9702595114;S
20240227;100006;575.15;2;9702595118;B
20240227;100006;575.15;17;9702595120;B
20240227;100006;575.15;1;9702595121;B
20240227;100006;575.15;310;9702595122;B
20240227;100006;575.15;190;9702595123;B
20240227;100006;575.1;2;9702595127;S
20240227;100006;575.15;1;9702595197;B
20240227;100006;575.15;2;9702595198;B
20240227;100006;575.15;2;9702595199;B
20240227;100006;575.15;2;9702595202;B
20240227;100006;575.15;1;9702595203;B
20240227;100006;575.15;1;9702595204;B
20240227;100006;575.15;2;9702595213;B
20240227;100006;575.15;2;9702595214;B
20240227;100006;575.15;1;9702595215;B
20240227;100006;575.1;2;9702595216;S
20240227;100006;575.15;2;9702595217;B
20240227;100006;575.15;1;9702595218;B
20240227;100006;575.15;5;9702595553;B
20240227;100006;575.15;6;9702595556;B
20240227;100006;575.1;1;9702595567;S
20240227;100006;575.15;1;9702595573;B
20240227;100006;575.15;1;9702595579;B
20240227;100006;575.15;1;9702595584;B
20240227;100006;575.15;1;9702595595;B
20240227;100006;575.1;2;9702595599;S
20240227;100006;575.15;2;9702595605;B
20240227;100006;575.1;1;9702595626;S
20240227;100006;575.15;1;9702595635;B
20240227;100006;575.1;2;9702595637;S
20240227;100006;575.15;2;9702595638;B
20240227;100006;575.15;2;9702595639;B
20240227;100006;575.1;1;9702595640;S
20240227;100006;575.15;2;9702595641;B
20240227;100006;575.15;52;9702595642;B
20240227;100006;575.15;2;9702595644;B
20240227;100006;575.15;100;9702595647;B
20240227;100006;575.15;2;9702595648;B
20240227;100006;575.15;2;9702595649;B
20240227;100006;575.15;1;9702595843;B
20240227;100006;575.1;4;9702595844;S
20240227;100006;575.15;2;9702595845;B
20240227;100006;575.15;1;9702595847;B
20240227;100006;575.15;1;9702595848;B
20240227;100006;575.15;2;9702595851;B
20240227;100006;575.15;1;9702595852;B
20240227;100006;575.15;1;9702595853;B
20240227;100006;575.15;2;9702595856;B
20240227;100006;575.15;1;9702595857;B
20240227;100006;575.15;4;9702595859;B
20240227;100006;575.25;1;9702595860;B
20240227;100006;575.1;1;9702595861;S
20240227;100006;575.25;1;9702595971;B
20240227;100006;575.25;1;9702595973;B
20240227;100006;575.25;1;9702595977;B
20240227;100006;575.25;1;9702595979;B
20240227;100006;575.25;2;9702595981;B
20240227;100006;575.25;2;9702595982;B
20240227;100006;575.1;2;9702595983;S
20240227;100006;575.25;2;9702595984;B
20240227;100006;575.25;2;9702595985;B
20240227;100006;575.25;2;9702595986;B
20240227;100006;575.25;2;9702595988;B
20240227;100006;575.25;3;9702595989;B
20240227;100006;575.4;2;9702595990;B
20240227;100006;575.4;3;9702595992;B
20240227;100006;575.4;2;9702595993;B
20240227;100006;575.4;1;9702595994;B
20240227;100006;575.4;2;9702595995;B
20240227;100006;575.4;2;9702595996;B
20240227;100006;575.4;1;9702595998;B
20240227;100006;575.1;2;9702596000;S
20240227;100006;575.1;2;9702596005;S
20240227;100006;575.1;1;9702596006;S
20240227;100006;575.4;2;9702596011;B
20240227;100006;575.4;1;9702596013;B
20240227;100006;575.4;2;9702596014;B
20240227;100006;575.4;1;9702596016;B
20240227;100006;575.4;2;9702596019;B
20240227;100007;575.4;173;9702596020;B
20240227;100007;575.4;1;9702596022;B
20240227;100007;575.1;1;9702596024;S
20240227;100007;575.1;2;9702596026;S
20240227;100007;575.4;1;9702596028;B
20240227;100007;575.4;1;9702596036;B
20240227;100007;575.4;2;9702596111;B
20240227;100007;575.4;2;9702596113;B
20240227;100007;575.1;2;9702596117;S
20240227;100007;575.4;1;9702596119;B
20240227;100007;575.1;1;9702596124;S
20240227;100007;575.4;1;9702596129;B
20240227;100007;575.4;1;9702596132;B
20240227;100007;575.4;1;9702596138;B
20240227;100007;575.4;2;9702596141;B
20240227;100007;575.4;1;9702596146;B
20240227;100007;575.45;1;9702596149;B
20240227;100007;575.45;1;9702596152;B
20240227;100007;575.45;2;9702596465;B
20240227;100007;575.1;23;9702596467;S
20240227;100007;575.1;2;9702596468;S
20240227;100007;575.45;2;9702596469;B
20240227;100007;575.45;20;9702596470;B
20240227;100007;575.45;2;9702596471;B
20240227;100007;575.1;2;9702596472;S
20240227;100007;575.1;2;9702596473;S
20240227;100007;575.1;2;9702596474;S
20240227;100007;575.45;7;9702596476;B
20240227;100007;575.45;1;9702596478;B
20240227;100008;575.1;1;9702596631;S
20240227;100008;575.1;1;9702596632;S
20240227;100008;575.45;1;9702596739;B
20240227;100008;575.45;1;9702596740;B
20240227;100008;575.45;5;9702596743;B
20240227;100008;575.45;2;9702596744;B
20240227;100008;575.45;1;9702596746;B
20240227;100008;575.45;1;9702596747;B
20240227;100008;575.45;1;9702596748;B
20240227;100008;575.1;2;9702596749;S
20240227;100010;575.1;1;9702597409;S
20240227;100011;575.25;107;9702597746;B
20240227;100011;575.3;243;9702597747;B
20240227;100011;575.3;240;9702597985;B
20240227;100011;575.3;1;9702598136;S
20240227;100012;575.35;3;9702598250;B
20240227;100012;575.3;1;9702598251;S
20240227;100012;575.45;20;9702598389;B
20240227;100014;575.3;1;9702598701;S
20240227;100014;575.3;3;9702598702;S
20240227;100014;575.4;2;9702598706;B
20240227;100014;575.45;5;9702598707;B
20240227;100015;575.4;3;9702599027;S
20240227;100015;575.3;2;9702599028;S
20240227;100015;575.5;3;9702599105;B
20240227;100015;575.5;5;9702599108;B
20240227;100015;575.5;2;9702599109;B
20240227;100015;575.3;26;9702599138;S
20240227;100015;575.3;27;9702599339;S
20240227;100016;575.3;2;9702599387;S
20240227;100016;575.3;1;9702599569;S
20240227;100016;575.15;9;9702599570;S
20240227;100018;575.25;4;9702600104;B
20240227;100019;575.15;1;9702600195;S
20240227;100019;575.15;2;9702600236;S
20240227;100019;575.1;17;9702600237;S
20240227;100019;575.25;3;9702600307;B
20240227;100021;575.1;121;9702600773;S
20240227;100022;575.1;26;9702600931;S
20240227;100022;575.1;78;9702600978;S
20240227;100023;575.1;50;9702601299;S
20240227;100023;575.1;1057;9702601349;S
20240227;100023;575.05;5;9702601350;S
20240227;100023;575.05;30;9702601351;S
20240227;100023;575.05;91;9702601352;S
20240227;100023;575;2;9702601353;S
20240227;100023;575;20;9702601354;S
20240227;100023;575;2;9702601355;S
20240227;100023;575;18;9702601356;S
20240227;100023;575;1;9702601357;S
20240227;100023;575;3;9702601358;S
20240227;100023;575;1740;9702601359;S
20240227;100023;575;5;9702601360;S
20240227;100023;575;5;9702601361;S
20240227;100023;575;2;9702601362;S
20240227;100023;575;40;9702601363;S
20240227;100023;575;1;9702601364;S
20240227;100023;575;6;9702601365;S
20240227;100023;575;1;9702601366;S
20240227;100023;575;2;9702601367;S
20240227;100023;575;1;9702601368;S
20240227;100023;575;1;9702601369;S
20240227;100023;575;100;9702601370;B
20240227;100023;575;1;9702601482;B
20240227;100024;575;2;9702601577;B
20240227;100025;574.95;2;9702602037;S
20240227;100025;574.95;1;9702602038;S
20240227;100025;574.95;200;9702602039;S
20240227;100025;574.75;2;9702602041;S
20240227;100026;574.8;1;9702602268;B
20240227;100026;574.75;2;9702602276;S
20240227;100026;574.65;2;9702602277;S
20240227;100027;574.65;1;9702602437;S
20240227;100030;574.65;67;9702603137;S
20240227;100030;574.7;2;9702603198;B
20240227;100030;574.65;2;9702603251;S
20240227;100030;574.7;2;9702603266;B
20240227;100032;574.65;38;9702603798;S
20240227;100032;574.65;4;9702603799;S
20240227;100032;574.65;29;9702603800;S
20240227;100032;574.65;74;9702603801;S
20240227;100032;574.55;2;9702603802;S
20240227;100032;574.55;5;9702603803;S
20240227;100032;574.55;3;9702603804;S
20240227;100032;574.5;5;9702603805;S
20240227;100032;574.35;14;9702603806;S
20240227;100033;574.35;4;9702603939;S
20240227;100033;574.35;5;9702603998;S
20240227;100033;574.35;13;9702604024;S
20240227;100033;574.5;2;9702604062;B
20240227;100033;574.35;36;9702604087;S
20240227;100033;574.45;100;9702604149;B
20240227;100034;574.4;250;9702604164;B
20240227;100034;574.45;2;9702604170;B
20240227;100034;574.35;132;9702604333;S
20240227;100034;574.35;30;9702604340;S
20240227;100034;574.35;17;9702604341;S
20240227;100034;574.35;82;9702604344;S
20240227;100034;574.35;1;9702604345;S
20240227;100034;574.3;178;9702604346;S
20240227;100034;574.3;22;9702604402;S
20240227;100034;574.2;85;9702604403;S
20240227;100034;574.05;93;9702604404;S
20240227;100034;574.05;26;9702604719;S
20240227;100035;574.05;1000;9702604879;S
20240227;100035;574.2;30;9702604880;B
20240227;100035;574.2;170;9702604882;S
20240227;100035;574;2;9702604883;S
20240227;100035;574;5;9702604884;S
20240227;100035;574;62;9702604885;S
20240227;100035;574.1;1;9702604968;S
20240227;100035;574;1;9702604969;S
20240227;100036;574.1;30;9702605189;S
20240227;100036;574.05;42;9702605190;S
20240227;100036;574.45;1;9702605215;B
20240227;100037;574.5;1;9702605456;B
20240227;100037;574.5;1;9702605501;B
20240227;100037;574.5;1;9702605552;B
20240227;100038;574.1;14;9702605776;S
20240227;100038;574.1;1;9702605808;S
20240227;100039;574.5;1;9702605963;B
20240227;100039;574.1;4;9702605986;S
20240227;100039;574.5;8;9702606054;B
20240227;100039;574.5;4;9702606055;B
20240227;100041;574.25;10;9702606706;S
20240227;100041;574.15;435;9702606707;S
20240227;100041;574.1;11;9702606708;S
20240227;100041;574.1;20;9702606709;S
20240227;100041;574.1;400;9702606710;S
20240227;100041;574;225;9702606711;S
20240227;100043;574.1;2;9702607037;S
20240227;100043;574.45;2;9702607044;B
20240227;100043;574.1;4;9702607207;S
20240227;100044;574.1;3;9702607381;S
20240227;100044;574.45;1;9702607387;B
20240227;100046;574.4;100;9702607614;B
20240227;100047;574.1;30;9702607907;S
20240227;100047;574.1;20;9702608100;S
20240227;100047;574;20;9702608101;S
20240227;100049;574.25;50;9702608550;B
20240227;100049;574.35;30;9702608551;B
20240227;100049;574.5;420;9702608552;B
20240227;100049;574.1;30;9702608751;S
20240227;100049;574.05;88;9702608752;S
20240227;100050;574.45;8;9702608924;B
20240227;100051;574.45;5;9702609083;B
20240227;100052;574.15;1;9702609608;S
20240227;100053;574.45;1;9702609828;B
20240227;100054;574.2;2;9702610184;S
20240227;100055;574.45;2;9702610276;B
20240227;100055;574.45;1;9702610432;B
20240227;100056;574.45;150;9702610569;B
20240227;100056;574.45;1;9702610678;B
20240227;100057;574.2;28;9702610731;S
20240227;100057;574.15;152;9702610732;S
20240227;100058;574.15;96;9702611065;S
20240227;100058;574.1;50;9702611066;S
20240227;100058;574.1;5;9702611067;S
20240227;100058;574.1;30;9702611068;S
20240227;100058;574.05;219;9702611069;S
20240227;100059;574.05;11;9702611484;S
20240227;100059;574.05;6;9702611485;S
20240227;100101;574.15;1;9702611844;B
20240227;100101;574.05;1;9702611885;S
20240227;100105;574;25;9702613201;S
20240227;100106;574.25;50;9702613327;B
20240227;100106;574.3;50;9702613328;B
20240227;100108;574;7;9702614113;S
20240227;100109;574.25;1;9702614474;B
20240227;100110;574;1;9702614596;S
20240227;100117;574.2;16;9702615872;B
20240227;100117;574.35;2;9702615873;B
20240227;100117;574.4;30;9702615874;B
20240227;100117;574.4;57;9702615875;B
20240227;100117;574.45;2;9702615876;B
20240227;100117;574.15;30;9702615891;S
20240227;100117;574.05;25;9702615892;S
20240227;100121;574.2;19;9702616875;S
20240227;100121;574.1;30;9702616876;S
20240227;100121;574.1;37;9702616877;S
20240227;100122;574.4;1;9702617038;B
20240227;100123;574.4;2;9702617188;B
20240227;100127;574.1;5;9702617913;S
20240227;100128;574.2;1;9702618161;S
20240227;100128;574.2;12;9702618175;S
20240227;100128;574.2;47;9702618263;S
20240227;100131;574.4;1;9702618599;B
20240227;100132;574.4;1;9702618899;B
20240227;100133;574.4;1;9702619190;B
20240227;100137;574.45;1;9702620123;B
20240227;100137;574.2;40;9702620146;S
20240227;100137;574.15;60;9702620147;S
20240227;100138;574.15;18;9702620236;S
20240227;100138;574.4;4;9702620348;B
20240227;100140;574.2;1;9702620571;S
20240227;100140;574.2;1;9702620572;S
20240227;100140;574.2;3;9702620573;S
20240227;100144;574.15;1;9702621205;S
20240227;100144;574.1;4;9702621206;S
20240227;100145;574.2;10;9702621513;B
20240227;100145;574.35;2;9702621514;B
20240227;100146;574.15;9;9702621633;S
20240227;100146;574.15;8;9702621760;S
20240227;100147;574.15;9;9702621974;S
20240227;100148;574.4;1;9702622289;B
20240227;100148;574.4;2;9702622309;B
20240227;100149;574.15;14;9702622539;S
20240227;100149;574.15;2;9702622540;S
20240227;100149;574.1;28;9702622541;S
20240227;100149;574.1;50;9702622542;S
20240227;100149;574.05;1;9702622565;S
20240227;100149;574.05;9;9702622566;S
20240227;100152;574.15;13;9702623026;S
20240227;100152;574.15;9;9702623070;S
20240227;100155;574.45;10;9702623573;B
20240227;100156;574.25;200;9702623714;S
20240227;100156;574.25;11;9702623737;S
20240227;100159;574.2;2;9702624171;S
20240227;100201;574.25;1;9702624498;S
20240227;100202;574.5;2;9702624894;B
20240227;100204;574.45;1;9702625064;B
20240227;100206;574.45;4;9702625660;B
20240227;100207;574.25;49;9702625854;S
20240227;100207;574.25;29;9702625855;S
20240227;100207;574.25;36;9702625856;S
20240227;100207;574.2;20;9702625857;S
20240227;100207;574.2;522;9702625858;S
20240227;100207;574.2;30;9702625859;S
20240227;100207;574.15;55;9702625860;S
20240227;100207;574.15;150;9702625861;S
20240227;100207;574.15;95;9702625862;S
20240227;100207;574.15;14;9702625863;S
20240227;100208;574.3;20;9702626298;B
20240227;100210;574.3;9;9702626537;B
20240227;100210;574.4;33;9702626538;B
20240227;100210;574.4;1;9702626586;B
20240227;100211;574.2;19;9702626889;S
20240227;100211;574.2;44;9702626890;S
20240227;100211;574.15;17;9702626891;S
20240227;100211;574.15;33;9702626892;S
20240227;100211;574.15;18;9702626893;S
20240227;100211;574.15;12;9702626961;S
20240227;100211;574.15;14;9702626962;S
20240227;100212;574.15;27;9702627025;S
20240227;100212;574.3;20;9702627088;B
20240227;100213;574.3;1;9702627368;S
20240227;100213;574.25;85;9702627369;S
20240227;100214;574.25;15;9702627581;S
20240227;100214;574.15;1;9702627596;S
20240227;100214;574.15;43;9702627597;S
20240227;100215;574.15;17;9702627744;S
20240227;100215;574.15;9;9702627796;S
20240227;100215;574.2;1;9702627859;B
20240227;100216;574.15;26;9702627889;S
20240227;100216;574.05;2;9702627927;S
20240227;100216;574.05;17;9702627928;S
20240227;100216;574.05;9;9702628029;S
20240227;100217;574.2;150;9702628205;B
20240227;100217;574.05;1;9702628245;S
20240227;100217;574.2;1;9702628366;B
20240227;100218;574.05;8;9702628469;S
20240227;100219;574.2;1;9702628796;B
20240227;100220;574.2;1;9702629122;B
20240227;100221;574.05;50;9702629381;S
20240227;100223;574.05;18;9702629613;S
20240227;100223;574.05;50;9702629614;S
20240227;100223;574.05;13;9702629709;S
20240227;100224;574.2;1;9702630051;B
20240227;100224;574.2;30;9702630055;B
20240227;100224;574.2;522;9702630056;B
20240227;100224;574.2;30;9702630057;B
20240227;100224;574.25;33;9702630058;B
20240227;100224;574.25;43;9702630059;B
20240227;100224;574.25;342;9702630060;B
20240227;100227;574.05;6;9702630625;S
20240227;100229;574.2;10;9702631195;B
20240227;100231;574.1;1;9702631620;S
20240227;100231;574.1;1;9702631749;S
20240227;100231;574.2;1;9702631806;B
20240227;100233;574.25;13;9702632018;B
20240227;100233;574.05;34;9702632042;S
20240227;100235;574.25;100;9702632639;B
20240227;100239;574.2;1;9702633327;S
20240227;100240;574.25;3;9702633440;B
20240227;100241;574.25;1;9702633604;B
20240227;100241;574.25;5;9702633645;B
20240227;100241;574.15;8;9702633751;S
20240227;100242;574.25;2;9702633927;B
20240227;100244;574.15;5;9702634158;S
20240227;100245;574.25;2;9702634195;B
20240227;100245;574.25;1;9702634196;B
20240227;100245;574.2;2;9702634223;S
20240227;100246;574.25;20;9702634398;B
20240227;100246;574.25;1;9702634399;B
20240227;100246;574.25;1;9702634430;B
20240227;100246;574.25;1;9702634460;B
20240227;100247;574.25;2;9702634546;B
20240227;100247;574.25;2;9702634638;B
20240227;100247;574.25;1;9702634639;B
20240227;100247;574.25;1;9702634688;B
20240227;100247;574.2;1;9702634750;S
20240227;100248;574.25;9;9702634752;B
20240227;100249;574.25;1;9702634941;B
20240227;100250;574.25;31;9702635072;B
20240227;100250;574.25;161;9702635186;B
20240227;100250;574.25;1;9702635187;B
20240227;100250;574.25;3;9702635209;B
20240227;100250;574.25;2;9702635229;B
20240227;100251;574.2;9;9702635336;S
20240227;100253;574.2;1;9702635603;B
20240227;100253;574.2;2;9702635660;B
20240227;100256;574.15;10;9702636225;S
20240227;100256;574.1;1;9702636291;S
20240227;100256;574.1;2;9702636292;S
20240227;100256;574.15;27;9702636300;B
20240227;100257;574.15;7;9702636417;B
20240227;100259;574.2;50;9702636675;S
20240227;100259;574.2;43;9702636676;S
20240227;100300;574.15;1;9702636895;S
20240227;100301;574.15;92;9702637074;S
20240227;100301;574.15;1;9702637102;B
20240227;100302;574.1;48;9702637202;S
20240227;100302;574.1;258;9702637203;S
20240227;100303;574.1;20;9702637345;S
20240227;100305;574.1;4;9702637915;S
20240227;100306;574.1;1;9702638216;S
20240227;100307;574.1;4;9702638294;S
20240227;100307;574.05;29;9702638295;S
20240227;100307;574.05;2;9702638296;S
20240227;100307;574.05;5;9702638297;S
20240227;100307;574.05;1;9702638298;S
20240227;100307;574.05;64;9702638299;S
20240227;100310;574.15;4;9702639163;B
20240227;100310;574.15;1;9702639196;B
20240227;100310;574.15;1;9702639203;B
20240227;100312;574.15;9;9702639467;B
20240227;100316;574.15;3;9702640407;B
20240227;100318;574.15;2;9702640754;B
20240227;100318;574.1;7;9702640841;S
20240227;100318;574.1;144;9702640842;S
20240227;100320;574.1;6;9702641019;S
20240227;100323;574.15;150;9702641577;B
20240227;100324;574.15;1;9702641802;B
20240227;100324;574.15;2;9702641885;B
20240227;100327;574.05;200;9702642626;S
20240227;100328;574.05;2;9702642761;S
20240227;100330;574.15;8;9702643227;B
20240227;100330;574.15;2;9702643289;B
20240227;100330;574.15;1;9702643292;B
20240227;100331;574.15;8;9702643377;B
20240227;100331;574.15;1;9702643453;B
20240227;100332;574.1;122;9702643491;S
20240227;100332;574.1;63;9702643492;S
20240227;100334;574.1;61;9702644047;S
20240227;100334;574.1;62;9702644049;S
20240227;100336;574.1;1;9702644348;S
20240227;100336;574.1;1;9702644349;S
20240227;100337;574.15;1;9702644519;B
20240227;100338;574.15;1;9702644713;B
20240227;100339;574.1;1;9702644936;S
20240227;100340;574.1;1;9702645212;S
20240227;100343;574.15;1;9702645685;B
20240227;100343;574.15;18;9702645714;B
20240227;100343;574.25;2;9702645715;B
20240227;100346;574.15;1;9702646198;S
20240227;100346;574.1;28;9702646199;S
20240227;100346;574.1;50;9702646200;S
20240227;100346;574.1;2;9702646201;S
20240227;100346;574.1;1;9702646202;S
20240227;100346;574.05;68;9702646203;S
20240227;100346;574.1;30;9702646340;S
20240227;100346;574.1;10;9702646341;S
20240227;100357;574.15;1;9702648252;S
20240227;100357;574.15;3;9702648253;S
20240227;100357;574.1;5;9702648254;S
20240227;100357;574.1;3;9702648255;S
20240227;100358;574.15;8;9702648537;S
20240227;100358;574.1;27;9702648538;S
20240227;100358;574.1;60;9702648539;S
20240227;100359;574.25;1;9702648857;B
20240227;100359;574.25;2;9702648858;B
20240227;100402;574.2;1;9702649394;B
20240227;100402;574.1;10;9702649480;S
20240227;100403;574.15;2;9702649678;B
20240227;100403;574.15;1;9702649720;B
20240227;100407;574.1;2;9702650364;S
20240227;100407;574.15;10;9702650496;B
20240227;100407;574.15;4;9702650521;B
20240227;100408;574.15;4;9702650566;B
20240227;100408;574.15;1;9702650682;B
20240227;100408;574.1;6;9702650722;S
20240227;100408;574.1;1;9702650723;S
20240227;100408;574.1;2;9702650724;S
20240227;100409;574.1;4;9702650867;S
20240227;100409;574.15;11;9702650931;B
20240227;100409;574.15;29;9702650932;B
20240227;100411;574.15;43;9702651173;B
20240227;100411;574.15;1;9702651322;B
20240227;100411;574.1;1;9702651334;S
20240227;100411;574.1;2;9702651335;S
20240227;100412;574.15;1;9702651505;B
20240227;100413;574.1;2;9702651666;S
20240227;100413;574.15;1;9702651672;B
20240227;100414;574.15;1;9702651911;B
20240227;100415;574.1;1;9702651995;S
20240227;100415;574.15;1;9702652043;B
20240227;100416;574.1;3;9702652267;S
20240227;100417;574.1;92;9702652491;S
20240227;100417;574.1;30;9702652492;S
20240227;100417;574.1;522;9702652493;S
20240227;100417;574.1;2;9702652494;S
20240227;100417;574.1;1;9702652495;S
20240227;100420;574.1;2;9702653365;B
20240227;100421;574.1;75;9702653435;B
20240227;100421;574.1;2;9702653481;B
20240227;100421;574.1;6;9702653525;B
20240227;100421;574.1;43;9702653594;B
20240227;100423;574.1;2;9702653856;B
20240227;100424;574.1;45;9702654265;B
20240227;100425;574.1;1;9702654362;B
20240227;100427;574.05;32;9702654907;S
20240227;100427;574.05;1;9702654908;S
20240227;100427;574.05;4;9702654909;S
20240227;100427;574.05;29;9702654910;S
20240227;100428;574.1;60;9702654964;B
20240227;100428;574.1;1;9702655056;B
20240227;100430;574.1;1;9702655417;B
20240227;100430;574.05;3;9702655422;S
20240227;100430;574.1;2;9702655457;B
20240227;100432;574.1;15;9702655800;B
20240227;100432;574.1;1;9702655982;B
20240227;100433;574.1;64;9702656034;B
20240227;100436;574.1;2;9702656682;B
20240227;100436;574.1;1;9702656718;B
20240227;100437;574.1;1;9702656953;B
20240227;100437;574.1;1;9702657018;B
20240227;100438;574.1;428;9702657150;B
20240227;100438;574.1;25;9702657151;B
20240227;100438;574.1;20;9702657152;B
20240227;100438;574.1;327;9702657153;S
20240227;100438;574.1;61;9702657154;S
20240227;100438;574.1;29;9702657155;S
20240227;100438;574.1;417;9702657156;S
20240227;100438;574.1;76;9702657157;S
20240227;100438;574.1;2;9702657158;S
20240227;100439;574.1;3;9702657367;B
20240227;100440;574.1;1;9702657544;B
20240227;100441;574.1;335;9702657845;B
20240227;100441;574.1;417;9702657846;S
20240227;100441;574.1;417;9702657847;S
20240227;100441;574.1;417;9702657848;S
20240227;100441;574.1;406;9702657849;S
20240227;100442;574.15;1;9702657964;B
20240227;100442;574.15;1;9702658092;B
20240227;100443;574.15;2;9702658270;B
20240227;100443;574.1;1;9702658292;S
20240227;100444;574.1;7;9702658359;S
20240227;100444;574.1;3;9702658360;S
20240227;100446;574.1;31;9702658839;S
20240227;100446;574.15;2;9702658856;B
20240227;100447;574.15;1;9702659057;B
20240227;100447;574.15;2;9702659082;B
20240227;100447;574.1;2;9702659096;S
20240227;100447;574.15;2;9702659132;B
20240227;100447;574.15;1;9702659231;B
20240227;100449;574.15;11;9702659492;B
20240227;100449;574.15;8;9702659493;B
20240227;100449;574.2;3;9702659494;B
20240227;100450;574.2;1;9702659750;B
20240227;100451;574.1;486;9702659767;S
20240227;100451;574.1;1;9702659768;S
20240227;100451;574.1;50;9702659769;S
20240227;100451;574.1;2;9702659770;S
20240227;100451;574.1;18;9702659771;S
20240227;100451;574.05;468;9702659772;S
20240227;100451;574.05;975;9702659773;S
20240227;100452;574.1;141;9702660070;S
20240227;100452;574.1;40;9702660097;S
20240227;100453;574.2;2;9702660352;B
20240227;100455;574.05;1;9702660507;S
20240227;100500;574.2;9;9702661501;B
20240227;100501;574.05;24;9702661608;S
20240227;100501;574.05;20;9702661609;S
20240227;100501;574.05;1;9702661610;S
20240227;100501;574.05;1;9702661611;S
20240227;100501;574.05;439;9702661612;S
20240227;100501;574.15;1;9702661615;B
20240227;100501;574.05;2;9702661618;S
20240227;100501;574.2;1;9702661647;B
20240227;100503;574.2;9;9702662023;B
20240227;100503;574.2;26;9702662024;B
20240227;100506;574.05;52;9702662770;S
20240227;100506;574.05;27;9702662855;S
20240227;100509;574.1;1;9702663692;B
20240227;100511;574.05;10;9702663941;S
20240227;100512;574.05;120;9702664091;S
20240227;100512;574.05;1880;9702664092;S
20240227;100512;574.05;1;9702664196;S
20240227;100513;574.05;2;9702664314;S
20240227;100513;574.1;26;9702664360;B
20240227;100513;574.05;1;9702664384;S
20240227;100514;574.1;5;9702664397;B
20240227;100514;574.1;119;9702664421;B
20240227;100514;574.1;2;9702664422;B
20240227;100514;574.05;18;9702664529;S
20240227;100516;574.1;5;9702664766;B
20240227;100517;574.05;3;9702665036;S
20240227;100519;574.05;436;9702665313;S
20240227;100519;574.05;5;9702665332;S
20240227;100519;574.05;9;9702665333;S
20240227;100519;574.05;10;9702665334;S
20240227;100519;574.05;1;9702665429;S
20240227;100519;574.05;2;9702665434;S
20240227;100522;574.1;8;9702666129;B
20240227;100523;574.1;15;9702666425;B
20240227;100523;574.1;150;9702666426;B
20240227;100523;574.1;199;9702666427;B
20240227;100523;574.15;66;9702666428;B
20240227;100523;574.15;70;9702666429;B
20240227;100523;574.2;1;9702666477;B
20240227;100525;574.05;30;9702666682;S
20240227;100529;574.05;420;9702667785;S
20240227;100529;574.15;1;9702667822;B
20240227;100531;574.2;1;9702668280;B
20240227;100531;574.2;1;9702668372;B
20240227;100533;574.1;2;9702668649;S
20240227;100533;574.05;38;9702668650;S
20240227;100535;574.2;1;9702668949;B
20240227;100535;574.05;60;9702668975;S
20240227;100537;574.15;1;9702669540;S
20240227;100538;574.2;1;9702669595;B
20240227;100542;574.15;1;9702670391;S
20240227;100542;574.15;8;9702670392;S
20240227;100543;574.15;1;9702670680;S
20240227;100543;574.1;9;9702670681;S
20240227;100547;574.25;12;9702671289;B
20240227;100547;574.2;1;9702671331;S
20240227;100547;574.15;4;9702671332;S
20240227;100550;574.2;2;9702671781;B
20240227;100554;574.2;4;9702672414;B
20240227;100554;574.15;71;9702672446;S
20240227;100554;574.1;2;9702672447;S
20240227;100555;574.1;9;9702672587;S
20240227;100555;574.2;1;9702672601;B
20240227;100559;574.2;2;9702673156;S
20240227;100559;574.2;1;9702673157;B
20240227;100559;574.2;1;9702673280;B
20240227;100600;574.2;3;9702673384;B
20240227;100601;574.1;70;9702673424;S
20240227;100602;574.1;10;9702673706;S
20240227;100602;574.1;151;9702673707;S
20240227;100602;574.1;39;9702673708;S
20240227;100602;574.15;50;9702673716;B
20240227;100602;574.2;43;9702673727;B
20240227;100602;574.2;70;9702673728;B
20240227;100602;574.2;30;9702673729;B
20240227;100602;574.2;157;9702673730;B
20240227;100602;574.25;377;9702673731;B
20240227;100602;574.25;2;9702673732;B
20240227;100602;574.25;1;9702673733;B
20240227;100602;574.25;20;9702673734;B
20240227;100603;574.25;1;9702673826;B
20240227;100606;574.15;1;9702674249;S
20240227;100608;574.25;8;9702674579;B
20240227;100608;574.25;2;9702674580;B
20240227;100608;574.25;10;9702674581;B
20240227;100609;574.3;3;9702674767;B
20240227;100609;574.3;354;9702674768;B
20240227;100609;574.3;3;9702674877;S
20240227;100610;574.35;1;9702674944;B
20240227;100610;574.35;25;9702674945;B
20240227;100610;574.35;63;9702674946;B
20240227;100610;574.2;2;9702674977;S
20240227;100610;574.2;30;9702674978;S
20240227;100610;574.15;69;9702674979;S
20240227;100610;574.15;40;9702674980;S
20240227;100610;574.15;1;9702674981;B
20240227;100610;574.15;5;9702674982;B
20240227;100610;574.15;130;9702674983;B
20240227;100610;574.15;1;9702675040;B
20240227;100611;574.1;2;9702675099;S
20240227;100613;574.15;17;9702675522;B
20240227;100613;574.1;1;9702675587;S
20240227;100615;574.1;2;9702675939;S
20240227;100616;574.1;11;9702676083;S
20240227;100616;574.1;5;9702676084;S
20240227;100616;574.1;14;9702676085;S
20240227;100617;574.15;3;9702676275;B
20240227;100618;574.1;1;9702676353;S
20240227;100618;574.1;5;9702676487;S
20240227;100618;574.1;3;9702676488;S
20240227;100619;574.1;20;9702676501;S
20240227;100619;574.15;2;9702676512;B
20240227;100620;574.15;3;9702676731;S
20240227;100620;574.15;2;9702676732;S
20240227;100620;574.1;4;9702676733;S
20240227;100628;574.2;3;9702677972;B
20240227;100629;574.2;8;9702678115;B
20240227;100634;574.1;73;9702679021;S
20240227;100634;574.1;5;9702679022;S
20240227;100634;574.1;30;9702679023;S
20240227;100634;574.1;1;9702679024;S
20240227;100634;574.1;40;9702679025;S
20240227;100634;574.1;51;9702679026;S
20240227;100635;574.2;219;9702679144;B
20240227;100635;574.2;67;9702679145;B
20240227;100635;574.2;14;9702679146;B
20240227;100638;574.1;1;9702679433;S
20240227;100641;574.1;7;9702679801;S
20240227;100643;574.3;1;9702680011;B
20240227;100643;574.3;1;9702680204;B
20240227;100646;574.2;1;9702680511;S
20240227;100646;574.1;19;9702680512;S
20240227;100649;574.15;14;9702681057;S
20240227;100652;574.2;65;9702681656;S
20240227;100652;574.2;135;9702681657;S
20240227;100652;574.2;2;9702681668;S
20240227;100657;574.15;200;9702682357;S
20240227;100657;574.15;22;9702682358;S
20240227;100659;574.15;100;9702682661;S
20240227;100659;574.15;100;9702682664;S
20240227;100703;574.3;1;9702683191;B
20240227;100703;574.3;2;9702683266;B
20240227;100706;574.3;2;9702683758;B
20240227;100708;574.3;1;9702684143;B
20240227;100710;574.2;1;9702684530;B
20240227;100711;574.2;2;9702684648;B
20240227;100711;574.2;1;9702684742;B
20240227;100711;574.2;1;9702684754;B
20240227;100711;574.2;1;9702684764;B
20240227;100711;574.2;1;9702684765;B
20240227;100713;574.2;1;9702684919;B
20240227;100713;574.2;1;9702684992;B
20240227;100714;574.2;50;9702685054;B
20240227;100714;574.2;50;9702685055;B
20240227;100715;574.15;1;9702685229;S
20240227;100716;574.2;1;9702685367;B
20240227;100716;574.15;4;9702685465;S
20240227;100716;574.2;2;9702685479;B
20240227;100716;574.2;1;9702685480;B
20240227;100717;574.15;6;9702685535;S
20240227;100719;574.15;10;9702685792;S
20240227;100720;574.15;15;9702685982;S
20240227;100727;574.2;1;9702687030;B
20240227;100728;574.25;1;9702687158;B
20240227;100729;574.3;1;9702687312;B
20240227;100730;574.2;200;9702687464;S
20240227;100734;574.2;12;9702687981;S
20240227;100736;574.25;1;9702688404;B
20240227;100737;574.25;1;9702688675;S
20240227;100737;574.25;1;9702688699;S
20240227;100738;574.3;2;9702688846;B
20240227;100739;574.25;2;9702688973;S
20240227;100739;574.3;1;9702689048;B
20240227;100740;574.25;3;9702689167;S
20240227;100742;574.3;1;9702689519;B
20240227;100742;574.3;6;9702689618;B
20240227;100743;574.3;5;9702689719;B
20240227;100744;574.25;250;9702690125;S
20240227;100745;574.25;100;9702690309;S
20240227;100746;574.3;3;9702690402;B
20240227;100746;574.25;42;9702690436;S
20240227;100746;574.25;26;9702690437;S
20240227;100746;574.2;288;9702690438;S
20240227;100746;574.2;1;9702690439;S
20240227;100746;574.2;1;9702690447;B
20240227;100747;574.2;3;9702690627;B
20240227;100748;574.2;2;9702690645;B
20240227;100750;574.2;1;9702691034;B
20240227;100750;574.2;1;9702691055;B
20240227;100750;574.2;2;9702691057;B
20240227;100751;574.15;2;9702691118;S
20240227;100752;574.2;1;9702691285;B
20240227;100753;574.15;4;9702691593;S
20240227;100754;574.2;2;9702691791;B
20240227;100754;574.2;2;9702691809;B
20240227;100757;574.2;15;9702692349;B
20240227;100759;574.15;1;9702692586;S
20240227;100759;574.2;5;9702692646;B
20240227;100800;574.2;1;9702692691;B
20240227;100800;574.2;12;9702692764;B
20240227;100802;574.2;1;9702693098;B
20240227;100803;574.15;10;9702693276;S
20240227;100806;574.15;6;9702693985;S
20240227;100806;574.2;1;9702693993;B
20240227;100806;574.15;5;9702694091;S
20240227;100807;574.15;6;9702694177;S
20240227;100809;574.15;3;9702694612;S
20240227;100809;574.2;1;9702694699;B
20240227;100809;574.2;2;9702694704;B
20240227;100810;574.15;1;9702694764;S
20240227;100811;574.2;34;9702694952;B
20240227;100812;574.15;56;9702695183;S
20240227;100812;574.15;1;9702695184;S
20240227;100812;574.15;7;9702695185;S
20240227;100813;574.15;2;9702695359;S
20240227;100817;574.2;1;9702696240;B
20240227;100819;574.15;10;9702696416;S
20240227;100821;574.2;1;9702696938;B
20240227;100822;574.15;4;9702697222;S
20240227;100823;574.2;5;9702697559;B
20240227;100824;574.15;190;9702697584;S
20240227;100824;574.15;1;9702697654;S
20240227;100824;574.15;1;9702697655;S
20240227;100824;574.15;1;9702697659;S
20240227;100824;574.15;2;9702697696;S
20240227;100824;574.15;1;9702697697;S
20240227;100824;574.15;6;9702697698;S
20240227;100824;574.15;1;9702697699;S
20240227;100824;574.15;6;9702697700;S
20240227;100824;574.2;2;9702697714;B
20240227;100824;574.15;1;9702697715;S
20240227;100824;574.15;1;9702697777;S
20240227;100824;574.15;1;9702697789;S
20240227;100826;574.15;1;9702698167;B
20240227;100826;574.15;4;9702698197;B
20240227;100826;574.15;1;9702698235;B
20240227;100826;574.1;22;9702698267;S
20240227;100826;574.1;18;9702698268;S
20240227;100828;574.1;10;9702698579;S
20240227;100828;574.15;1;9702698623;B
20240227;100829;574.15;1;9702698874;B
20240227;100829;574.15;1;9702698875;B
20240227;100832;574.1;1;9702699237;S
20240227;100833;574.15;10;9702699511;B
20240227;100835;574.1;15;9702699778;S
20240227;100835;574.15;2;9702699800;B
20240227;100839;574.15;5;9702700673;B
20240227;100840;574.15;1;9702700773;B
20240227;100840;574.15;12;9702700821;B
20240227;100840;574.15;1;9702700822;B
20240227;100840;574.15;227;9702700823;B
20240227;100841;574.2;4;9702700895;B
20240227;100845;574.15;1;9702701557;B
20240227;100846;574.15;10;9702701811;B
20240227;100846;574.15;1;9702701850;B
20240227;100847;574.1;6;9702702087;S
20240227;100847;574.1;2;9702702088;S
20240227;100847;574.1;1;9702702089;S
20240227;100847;574.1;1;9702702090;S
20240227;100847;574.1;491;9702702091;S
20240227;100847;574.1;55;9702702092;S
20240227;100847;574.1;8;9702702093;S
20240227;100847;574.1;30;9702702094;S
20240227;100847;574.05;4;9702702095;S
20240227;100847;574.05;836;9702702096;S
20240227;100847;574.05;594;9702702097;S
20240227;100847;574.1;5;9702702155;B
20240227;100847;574.05;1;9702702156;S
20240227;100852;574.15;2;9702702891;B
20240227;100853;574.15;1;9702703122;B
20240227;100854;574.15;5;9702703223;B
20240227;100855;574.15;1;9702703577;B
20240227;100856;574.15;6;9702703628;B
20240227;100859;574.05;10;9702704065;S
20240227;100900;574.1;1;9702704270;B
20240227;100902;574.05;1;9702704498;S
20240227;100902;574.05;3;9702704507;S
20240227;100902;574.1;1;9702704555;B
20240227;100904;574.1;1;9702704863;B
20240227;100904;574.1;20;9702704952;B
20240227;100904;574.05;13;9702704953;S
20240227;100905;574.05;622;9702704958;S
20240227;100905;574.05;5;9702704959;S
20240227;100905;574.05;2;9702704960;S
20240227;100905;574.05;1;9702704961;S
20240227;100905;574.05;5;9702704962;S
20240227;100905;574.05;20;9702704963;S
20240227;100905;574.05;325;9702704964;S
20240227;100905;574.05;1;9702704965;S
20240227;100905;574.05;25;9702704966;S
20240227;100905;574.05;1;9702704967;S
20240227;100905;574.05;1;9702704968;S
20240227;100905;574;192;9702704969;S
20240227;100905;574.1;37;9702705044;B
20240227;100905;574.1;13;9702705045;B
20240227;100905;574;1;9702705051;S
20240227;100907;574;2;9702705384;S
20240227;100908;574;2;9702705602;S
20240227;100908;574;12;9702705603;S
20240227;100908;574.1;5;9702705611;B
20240227;100910;574;39;9702705968;S
20240227;100910;574;411;9702705997;S
20240227;100910;574;1;9702705998;S
20240227;100910;574;1500;9702705999;S
20240227;100910;574;1;9702706000;S
20240227;100910;574;3;9702706001;S
20240227;100910;574;1;9702706002;S
20240227;100910;574;1;9702706003;S
20240227;100910;574;2;9702706004;S
20240227;100910;574;20;9702706005;S
20240227;100910;574;431;9702706006;S
20240227;100910;574;189;9702706007;S
20240227;100910;574;368;9702706008;S
20240227;100910;574;12;9702706081;S
20240227;100910;574;14;9702706082;S
20240227;100910;574;10;9702706084;S
20240227;100910;574;9;9702706085;S
20240227;100911;574;81;9702706159;S
20240227;100911;574;1;9702706160;S
20240227;100911;574;1;9702706161;S
20240227;100911;574;5;9702706162;S
20240227;100911;574;3;9702706163;S
20240227;100911;574;4;9702706164;S
20240227;100911;574;60;9702706165;S
20240227;100911;574;1;9702706166;S
20240227;100911;574;10;9702706167;S
20240227;100911;574;131;9702706168;S
20240227;100911;574;1;9702706169;S
20240227;100911;574;20;9702706170;S
20240227;100911;574;1;9702706171;S
20240227;100911;574;2;9702706172;S
20240227;100911;574;1;9702706173;S
20240227;100911;574;6;9702706174;S
20240227;100911;574;1;9702706175;S
20240227;100911;574;40;9702706176;S
20240227;100911;574;1;9702706177;S
20240227;100911;574;7;9702706178;S
20240227;100911;574;3;9702706179;S
20240227;100911;574;422;9702706180;S
20240227;100911;574;2;9702706181;S
20240227;100911;574;11;9702706182;S
20240227;100911;574;1000;9702706183;S
20240227;100911;574;50;9702706184;S
20240227;100911;574;2;9702706185;S
20240227;100911;574;1;9702706186;S
20240227;100911;574;1;9702706187;S
20240227;100911;574;131;9702706188;S
20240227;100911;574;138;9702706189;S
20240227;100911;574;16;9702706208;S
20240227;100911;574;215;9702706209;S
20240227;100911;573.9;5;9702706233;S
20240227;100911;573.9;5;9702706234;S
20240227;100911;573.9;50;9702706235;S
20240227;100911;573.9;8;9702706236;S
20240227;100911;573.8;9;9702706237;S
20240227;100911;573.8;1;9702706238;S
20240227;100911;573.8;1;9702706239;S
20240227;100911;573.8;1;9702706240;S
20240227;100911;573.8;61;9702706241;S
20240227;100911;573.75;5;9702706242;S
20240227;100911;573.75;1;9702706243;S
20240227;100911;573.75;500;9702706244;S
20240227;100911;573.75;32;9702706245;S
20240227;100911;573.7;30;9702706246;S
20240227;100911;573.65;823;9702706247;S
20240227;100911;573.65;507;9702706248;S
20240227;100911;573.65;200;9702706249;S
20240227;100911;573.65;15;9702706250;S
20240227;100911;573.65;3;9702706251;S
20240227;100911;573.65;25;9702706252;S
20240227;100911;573.65;30;9702706253;S
20240227;100911;573.6;1;9702706254;S
20240227;100911;573.6;3;9702706255;S
20240227;100911;573.6;3;9702706256;S
20240227;100911;573.6;10;9702706257;S
20240227;100911;573.6;3;9702706258;S
20240227;100911;573.6;8;9702706259;S
20240227;100911;573.6;2;9702706260;S
20240227;100911;573.6;12;9702706262;B
20240227;100911;573.55;2;9702706285;S
20240227;100911;573.55;50;9702706312;S
20240227;100912;573.55;10;9702706334;S
20240227;100912;573.55;35;9702706345;S
20240227;100912;573.55;11;9702706346;S
20240227;100912;573.55;2;9702706347;S
20240227;100912;573.5;1;9702706348;S
20240227;100912;573.5;1;9702706349;S
20240227;100912;573.5;6;9702706372;S
20240227;100912;573.55;20;9702706474;B
20240227;100912;573.5;1;9702706478;S
20240227;100912;573.6;10;9702706500;B
20240227;100912;573.5;1;9702706527;S
20240227;100912;573.5;46;9702706550;S
20240227;100912;573.5;1;9702706551;S
20240227;100912;573.5;2;9702706552;S
20240227;100912;573.5;1;9702706553;S
20240227;100912;573.5;2;9702706554;S
20240227;100912;573.5;1;9702706567;S
20240227;100912;573.5;3;9702706568;S
20240227;100912;573.5;5;9702706569;S
20240227;100913;573.5;1;9702706624;S
20240227;100913;573.5;2;9702706628;S
20240227;100913;573.5;2;9702706629;S
20240227;100913;573.5;2;9702706630;S
20240227;100913;573.5;1;9702706631;S
20240227;100913;573.5;3;9702706632;S
20240227;100913;573.5;1;9702706633;S
20240227;100913;573.45;4;9702706634;S
20240227;100913;573.45;48;9702706635;S
20240227;100913;573.45;1;9702706636;S
20240227;100913;573.45;95;9702706637;S
20240227;100913;573.45;105;9702706653;S
20240227;100913;573.45;1;9702706654;S
20240227;100913;573.4;3;9702706694;S
20240227;100913;573.4;1;9702706695;S
20240227;100913;573.4;20;9702706696;S
20240227;100913;573.45;1;9702706701;B
20240227;100914;573.3;6;9702706897;S
20240227;100914;573.3;2;9702706898;S
20240227;100914;573.25;3;9702706899;S
20240227;100914;573.15;1;9702706900;S
20240227;100914;573.15;2;9702706901;S
20240227;100914;573.15;11;9702706902;S
20240227;100914;573.15;1;9702706905;S
20240227;100914;573.15;36;9702707095;S
20240227;100914;573.1;55;9702707096;S
20240227;100914;573.1;2;9702707097;S
20240227;100914;573.1;20;9702707098;S
20240227;100914;573.3;1;9702707138;B
20240227;100914;573.15;200;9702707168;B
20240227;100914;573.1;5;9702707171;S
20240227;100914;573.1;57;9702707172;S
20240227;100916;573.1;1;9702707427;S
20240227;100916;573.1;82;9702707428;S
20240227;100916;573.1;2;9702707531;S
20240227;100916;573.1;1;9702707636;S
20240227;100918;573.15;2;9702708088;B
20240227;100918;573.1;2;9702708245;S
20240227;100921;573.15;14;9702708863;B
20240227;100921;573.15;150;9702708864;B
20240227;100921;573.15;1;9702708865;B
20240227;100921;573.25;34;9702708866;B
20240227;100921;573.25;200;9702708873;S
20240227;100922;573.25;29;9702708998;S
20240227;100924;573.25;1;9702709361;S
20240227;100925;573.3;1;9702709474;B
20240227;100926;573.3;1;9702709618;B
20240227;100926;573.3;1;9702709619;B
20240227;100926;573.35;19;9702709620;B
20240227;100927;573.45;1;9702709870;B
20240227;100927;573.3;30;9702709891;S
20240227;100927;573.3;50;9702709892;S
20240227;100927;573.25;160;9702709893;S
20240227;100929;573.3;4;9702710201;S
20240227;100929;573.3;10;9702710328;S
20240227;100932;573.3;16;9702710875;S
20240227;100932;573.3;2;9702710876;S
20240227;100932;573.25;103;9702710877;S
20240227;100932;573.45;5;9702710951;B
20240227;100937;573.45;6;9702711739;B
20240227;100937;573.45;99;9702711740;B
20240227;100937;573.45;45;9702711741;B
20240227;100938;573.3;29;9702711934;S
20240227;100940;573.3;1;9702712451;S
20240227;100941;573.3;13;9702712765;S
20240227;100943;573.3;400;9702713039;S
20240227;100943;573.3;56;9702713043;S
20240227;100943;573.3;22;9702713044;S
20240227;100946;573.45;100;9702713736;B
20240227;100947;573.45;1;9702713878;B
20240227;100947;573.45;1;9702713879;B
20240227;100947;573.45;3;9702713880;B
20240227;100950;573.45;7;9702714519;B
20240227;100950;573.45;10;9702714520;B
20240227;100953;573.8;1;9702715062;B
20240227;100955;573.6;1;9702715672;S
20240227;100955;573.75;2;9702715673;B
20240227;100958;573.6;29;9702716578;S
20240227;100958;573.55;33;9702716579;S
20240227;100959;573.6;55;9702716926;S
20240227;100959;573.55;15;9702716927;S
20240227;101002;573.65;1;9702717675;B
20240227;101003;573.5;254;9702717893;S
20240227;101005;573.5;111;9702718323;S
20240227;101005;573.5;156;9702718354;S
20240227;101006;573.5;272;9702718418;S
20240227;101006;573.65;47;9702718419;B
20240227;101007;573.5;10;9702718571;S
20240227;101007;573.65;1;9702718626;B
20240227;101008;573.65;5;9702718861;B
20240227;101010;573.65;1;9702719154;B
20240227;101010;573.5;53;9702719320;S
20240227;101011;573.5;26;9702719414;S
20240227;101011;573.5;26;9702719553;S
20240227;101012;573.6;110;9702719732;B
20240227;101012;573.6;1;9702719733;B
20240227;101012;573.5;41;9702719739;S
20240227;101013;573.5;14;9702720494;S
20240227;101014;573.5;13;9702720545;S
20240227;101014;573.55;200;9702720866;S
20240227;101016;573.6;2;9702721285;B
20240227;101018;573.6;139;9702721649;B
20240227;101018;573.6;9;9702721652;B
20240227;101018;573.6;96;9702721653;B
20240227;101019;573.6;1;9702721666;S
20240227;101019;573.65;1;9702721732;B
20240227;101019;573.65;1;9702721733;B
20240227;101020;573.6;138;9702721807;S
20240227;101020;573.55;55;9702721808;S
20240227;101020;573.55;139;9702721809;S
20240227;101020;573.5;211;9702721810;S
20240227;101020;573.65;1;9702721938;B
20240227;101020;573.65;2;9702721939;B
20240227;101021;573.55;2;9702722082;S
20240227;101021;573.55;40;9702722085;S
20240227;101022;573.7;34;9702722205;B
20240227;101023;573.6;1;9702722349;B
20240227;101025;573.55;1;9702723022;S
20240227;101025;573.55;5;9702723061;S
20240227;101027;573.6;1;9702723255;B
20240227;101027;573.55;13;9702723328;S
20240227;101027;573.55;1;9702723461;S
20240227;101028;573.6;123;9702723605;B
20240227;101028;573.6;363;9702723606;B
20240227;101030;573.65;3;9702723949;S
20240227;101032;573.7;1;9702724303;B
20240227;101032;573.7;203;9702724416;B
20240227;101032;573.7;7;9702724417;B
20240227;101032;573.75;54;9702724418;B
20240227;101032;573.8;1;9702724419;B
20240227;101032;573.8;2;9702724420;B
20240227;101032;573.8;2;9702724421;B
20240227;101032;573.8;150;9702724422;B
20240227;101032;573.85;36;9702724423;B
20240227;101032;573.9;30;9702724424;B
20240227;101032;574;11;9702724425;B
20240227;101032;574;3;9702724426;B
20240227;101032;574;67;9702724427;B
20240227;101032;574;12;9702724428;B
20240227;101032;574;499;9702724429;B
20240227;101032;574.05;423;9702724430;B
20240227;101032;573.95;139;9702724444;S
20240227;101033;573.9;3;9702724502;S
20240227;101033;574;2;9702724551;B
20240227;101034;574;1;9702724639;B
20240227;101037;573.95;1;9702725346;B
20240227;101038;573.9;2;9702725441;S
20240227;101038;573.9;2;9702725516;S
20240227;101039;573.9;1;9702725614;S
20240227;101040;573.95;1;9702725876;B
20240227;101041;573.9;134;9702726308;S
20240227;101043;573.85;53;9702726582;S
20240227;101043;573.85;139;9702726583;S
20240227;101043;573.8;139;9702726584;S
20240227;101043;573.75;48;9702726585;S
20240227;101043;573.75;30;9702726586;S
20240227;101043;573.75;139;9702726587;S
20240227;101043;573.7;2;9702726588;S
20240227;101044;573.85;3;9702726764;B
20240227;101044;573.85;2;9702726798;B
20240227;101049;573.85;19;9702727526;B
20240227;101049;573.75;4;9702727623;S
20240227;101049;573.7;1;9702727669;S
20240227;101052;573.65;4;9702728075;S
20240227;101053;573.65;2;9702728176;S
20240227;101053;573.85;1;9702728202;B
20240227;101055;573.8;4;9702728425;B
20240227;101055;573.65;13;9702728484;S
20240227;101056;573.8;1;9702728597;B
20240227;101057;573.65;1;9702728748;S
20240227;101059;573.8;2;9702729204;B
20240227;101106;573.9;1;9702730216;B
20240227;101109;573.7;1;9702730762;S
20240227;101109;573.7;8;9702730791;S
20240227;101111;573.95;1;9702731231;B
20240227;101112;573.9;1;9702731442;S
20240227;101113;573.95;1;9702731623;B
20240227;101113;573.9;1;9702731762;S
20240227;101113;573.8;3;9702731763;S
20240227;101113;573.8;15;9702731764;S
20240227;101117;573.95;1;9702732223;B
20240227;101117;573.9;100;9702732240;S
20240227;101117;573.8;51;9702732241;S
20240227;101117;573.8;49;9702732242;S
20240227;101119;573.75;139;9702732686;S
20240227;101119;573.7;20;9702732687;S
20240227;101119;573.7;139;9702732688;S
20240227;101119;573.7;1;9702732689;S
20240227;101119;573.7;51;9702732690;S
20240227;101119;573.65;10;9702732691;S
20240227;101119;573.65;25;9702732692;S
20240227;101119;573.65;139;9702732693;S
20240227;101119;573.65;9;9702732694;S
20240227;101120;573.8;30;9702732740;B
20240227;101120;573.85;170;9702732741;B
20240227;101122;573.7;428;9702733211;B
20240227;101123;573.7;27;9702733289;S
20240227;101124;573.8;1;9702733390;B
20240227;101124;573.7;35;9702733487;S
20240227;101124;573.8;1;9702733510;B
20240227;101126;573.9;2;9702733762;B
20240227;101128;573.8;29;9702734045;S
20240227;101128;573.7;10;9702734046;S
20240227;101128;573.7;50;9702734047;S
20240227;101128;573.7;30;9702734048;S
20240227;101128;573.7;243;9702734049;S
20240227;101128;573.65;638;9702734050;S
20240227;101129;573.85;3;9702734195;B
20240227;101130;573.7;4;9702734451;B
20240227;101132;573.7;1;9702734683;B
20240227;101135;573.7;1;9702735045;B
20240227;101137;573.7;4;9702735255;B
20240227;101137;573.75;2;9702735256;B
20240227;101137;573.8;24;9702735257;B
20240227;101137;573.65;2;9702735315;S
20240227;101141;573.85;1;9702735886;B
20240227;101143;573.85;2;9702736177;B
20240227;101144;573.7;1;9702736285;S
20240227;101144;573.7;2;9702736286;S
20240227;101145;573.7;48;9702736332;S
20240227;101145;573.65;137;9702736333;S
20240227;101145;573.65;150;9702736334;S
20240227;101145;573.65;121;9702736335;S
20240227;101145;573.6;1014;9702736336;S
20240227;101145;573.6;1;9702736337;S
20240227;101145;573.6;139;9702736338;S
20240227;101145;573.6;11;9702736339;S
20240227;101145;573.6;1;9702736340;S
20240227;101145;573.55;11;9702736341;S
20240227;101145;573.55;139;9702736342;S
20240227;101145;573.5;469;9702736343;S
20240227;101145;573.5;80;9702736344;S
20240227;101145;573.5;1000;9702736345;S
20240227;101145;573.5;8;9702736346;S
20240227;101145;573.5;1;9702736347;S
20240227;101145;573.5;3;9702736348;S
20240227;101145;573.5;2;9702736349;S
20240227;101145;573.5;150;9702736350;S
20240227;101145;573.45;400;9702736351;S
20240227;101145;573.45;1;9702736352;S
20240227;101145;573.45;34;9702736353;S
20240227;101145;573.45;435;9702736354;S
20240227;101145;573.4;2;9702736355;S
20240227;101145;573.35;2;9702736356;S
20240227;101145;573.35;55;9702736357;S
20240227;101145;573.35;165;9702736358;S
20240227;101145;573.3;1;9702736359;S
20240227;101145;573.3;25;9702736360;S
20240227;101145;573.3;2;9702736361;S
20240227;101145;573.3;1;9702736362;S
20240227;101145;573.3;4;9702736363;S
20240227;101145;573.3;2;9702736364;S
20240227;101145;573.3;600;9702736365;S
20240227;101145;573.3;458;9702736366;S
20240227;101145;573.25;1392;9702736367;S
20240227;101145;573.25;1656;9702736368;S
20240227;101145;573.25;1656;9702736369;S
20240227;101145;573.25;2;9702736370;S
20240227;101145;573.25;1;9702736371;S
20240227;101145;573.2;500;9702736372;S
20240227;101145;573.15;522;9702736373;S
20240227;101145;573.1;99;9702736374;S
20240227;101145;573.45;25;9702736396;B
20240227;101145;573.45;5;9702736398;B
20240227;101145;573.45;2;9702736467;B
20240227;101146;573.2;78;9702736608;S
20240227;101146;573.2;50;9702736609;S
20240227;101151;573.45;46;9702737278;B
20240227;101151;573.45;30;9702737279;B
20240227;101151;573.5;522;9702737280;B
20240227;101151;573.5;14;9702737281;B
20240227;101151;573.7;10;9702737289;B
20240227;101152;573.7;2;9702737356;B
20240227;101152;573.5;2;9702737368;S
20240227;101152;573.7;1;9702737506;B
20240227;101155;573.7;1;9702737893;B
20240227;101156;573.7;2;9702738057;B
20240227;101157;573.6;2;9702738161;S
20240227;101158;573.65;1;9702738312;B
20240227;101159;573.6;1;9702738357;S
20240227;101203;573.65;1;9702738992;B
20240227;101203;573.7;1;9702738993;B
20240227;101206;573.7;1;9702739406;B
20240227;101207;573.65;1;9702739492;B
20240227;101208;573.65;1;9702739598;B
20240227;101209;573.7;3;9702739662;B
20240227;101211;573.65;1;9702739990;S
20240227;101215;573.6;15;9702740531;S
20240227;101217;573.6;3;9702740806;S
20240227;101219;573.65;1;9702741175;B
20240227;101221;573.7;1;9702741429;B
20240227;101225;573.7;1;9702742028;B
20240227;101227;573.65;20;9702742443;S
20240227;101227;573.65;1;9702742484;S
20240227;101228;573.7;3;9702742639;B
20240227;101229;573.7;10;9702742745;B
20240227;101230;573.7;3;9702742778;B
20240227;101231;573.7;3;9702743063;B
20240227;101232;573.65;1;9702743110;S
20240227;101232;573.7;50;9702743172;B
20240227;101232;573.7;2;9702743173;B
20240227;101232;573.7;9;9702743174;B
20240227;101232;573.7;1;9702743175;B
20240227;101232;573.7;10;9702743176;B
20240227;101232;573.7;1;9702743177;B
20240227;101232;573.65;1;9702743272;S
20240227;101239;573.7;2;9702744291;S
20240227;101241;573.8;1;9702744678;B
20240227;101241;573.75;1;9702744709;B
20240227;101245;573.8;2;9702745263;B
20240227;101245;573.8;49;9702745364;B
20240227;101245;573.85;2;9702745365;B
20240227;101247;574;1050;9702745645;B
20240227;101247;574;5;9702745686;B
20240227;101247;573.9;1;9702745689;S
20240227;101249;573.9;10;9702745898;S
20240227;101249;574;200;9702745929;B
20240227;101249;574;1;9702745964;B
20240227;101250;573.95;1;9702746009;B
20240227;101250;574;50;9702746068;B
20240227;101251;574;37;9702746227;B
20240227;101251;574;30;9702746228;B
20240227;101251;574;1;9702746229;B
20240227;101251;574;1;9702746230;B
20240227;101251;574;2;9702746231;B
20240227;101251;574.15;109;9702746232;B
20240227;101251;574.15;2;9702746234;B
20240227;101252;574;1;9702746330;S
20240227;101256;574.1;1;9702747003;B
20240227;101256;574.15;9;9702747004;B
20240227;101300;574;10;9702747650;S
20240227;101302;574.15;3;9702747935;B
20240227;101302;574.15;8;9702747984;B
20240227;101302;574.15;1;9702747985;B
20240227;101302;574.2;13;9702747986;B
20240227;101302;574.1;1;9702748033;B
20240227;101304;574.15;1;9702748412;S
20240227;101304;574.1;44;9702748413;S
20240227;101304;574.05;30;9702748414;S
20240227;101304;574.05;150;9702748415;S
20240227;101304;574;1;9702748416;S
20240227;101304;574;74;9702748417;S
20240227;101305;574;2;9702748453;S
20240227;101306;574.1;1;9702748690;B
20240227;101306;574.2;1;9702748691;B
20240227;101310;574.25;1;9702749372;B
20240227;101320;574.3;1;9702751118;B
20240227;101321;574.3;2;9702751317;B
20240227;101321;574.3;12;9702751318;B
20240227;101321;574.3;1;9702751319;B
20240227;101321;574.4;30;9702751320;B
20240227;101321;574.4;241;9702751321;B
20240227;101321;574.4;1;9702751322;B
20240227;101321;574.45;63;9702751323;B
20240227;101321;574.2;1;9702751409;B
20240227;101321;574.2;1;9702751418;B
20240227;101326;574.3;80;9702752360;S
20240227;101326;574.3;20;9702752361;S
20240227;101328;574.25;4;9702752858;S
20240227;101329;574.4;1;9702753024;B
20240227;101329;574.45;80;9702753025;B
20240227;101329;574.5;19;9702753026;B
20240227;101331;574.35;1;9702753356;S
20240227;101331;574.3;4;9702753357;S
20240227;101332;574.4;1;9702753497;B
20240227;101334;574.45;1;9702753691;B
20240227;101334;574.5;1;9702753692;B
20240227;101334;574.3;16;9702753828;S
20240227;101334;574.3;34;9702753829;S
20240227;101345;574.25;39;9702755105;S
20240227;101345;574.25;138;9702755106;S
20240227;101347;574.25;3;9702755444;S
20240227;101349;574.45;2;9702755682;B
20240227;101350;574.3;4;9702755761;S
20240227;101351;574.45;4;9702755909;B
20240227;101354;574.35;166;9702756270;B
20240227;101354;574.3;2;9702756271;S
20240227;101356;574.45;1;9702756680;B
20240227;101359;574.45;12;9702756918;B
20240227;101359;574.45;1;9702756992;B
20240227;101402;574.45;1;9702757392;B
20240227;101403;574.3;5;9702757443;S
20240227;101404;574.3;5;9702757628;S
20240227;101404;574.25;1;9702757629;S
20240227;101404;574.2;2;9702757630;S
20240227;101413;574.35;2;9702758953;B
20240227;101413;574.35;2;9702758962;B
20240227;101417;574.35;1;9702759635;B
20240227;101420;574.2;100;9702760040;S
20240227;101422;574.2;4;9702760397;S
20240227;101425;574.3;1;9702760883;B
20240227;101426;574.2;35;9702761037;S
20240227;101426;574.15;139;9702761038;S
20240227;101426;574.15;40;9702761039;S
20240227;101426;574.1;10;9702761040;S
20240227;101426;574.1;29;9702761041;S
20240227;101426;574.1;139;9702761042;S
20240227;101426;574.05;2;9702761043;S
20240227;101426;574.05;1;9702761044;S
20240227;101426;574;1;9702761045;S
20240227;101426;574;2;9702761046;S
20240227;101426;574;4;9702761047;S
20240227;101426;574;1;9702761048;S
20240227;101426;574;180;9702761049;S
20240227;101426;574;2;9702761050;S
20240227;101426;573.95;15;9702761051;S
20240227;101428;573.95;3;9702761394;S
20240227;101428;574.15;1;9702761481;B
20240227;101433;574.15;1;9702762145;S
20240227;101435;574.15;2;9702762357;S
20240227;101442;574.2;31;9702763548;S
20240227;101445;574.3;1;9702763974;B
20240227;101446;574.3;1;9702764234;B
20240227;101454;574.3;1;9702765402;B
20240227;101457;574.15;139;9702765860;S
20240227;101457;574.15;38;9702765861;S
20240227;101457;574.15;6;9702765862;S
20240227;101457;574.1;139;9702765863;S
20240227;101457;574.1;5;9702765864;S
20240227;101457;574.05;139;9702765865;S
20240227;101459;573.9;16;9702766166;S
20240227;101502;574.05;4;9702766617;B
20240227;101502;573.9;1;9702766723;S
20240227;101503;574.05;2;9702766961;B
20240227;101504;574.05;1;9702767011;B
20240227;101506;574;2;9702767576;S
20240227;101508;574;3;9702768028;S
20240227;101508;574;3;9702768101;S
20240227;101509;574.05;4;9702768143;B
20240227;101510;574.05;2;9702768451;B
20240227;101510;574;270;9702768478;S
20240227;101510;574.05;5;9702768533;B
20240227;101510;574.05;1;9702768625;B
20240227;101511;574;1;9702768719;S
20240227;101512;574;2;9702768971;S
20240227;101512;574.05;20;9702769058;B
20240227;101513;574;3;9702769430;S
20240227;101515;574.05;10;9702770043;B
20240227;101515;574.05;485;9702770063;B
20240227;101515;574.1;15;9702770064;B
20240227;101515;574.15;17;9702770110;B
20240227;101517;574.15;1;9702770421;B
20240227;101517;574.1;3;9702770555;S
20240227;101517;574.1;1;9702770645;S
20240227;101519;574.1;1;9702770856;S
20240227;101519;574.1;1;9702770858;S
20240227;101519;574.15;2;9702770897;B
20240227;101520;574.1;6;9702771208;S
20240227;101520;574.05;1;9702771231;S
20240227;101522;574.15;64;9702771600;B
20240227;101522;574.15;29;9702771601;B
20240227;101522;574.15;98;9702771602;B
20240227;101523;574.3;2;9702771652;B
20240227;101523;574.3;2;9702771788;B
20240227;101531;574.3;1;9702773385;B
20240227;101537;574.2;41;9702774480;S
20240227;101537;574.2;44;9702774481;S
20240227;101541;574.25;1;9702775047;S
20240227;101543;574.2;2;9702775455;S
20240227;101548;574.3;2;9702776706;B
20240227;101552;574.25;3;9702777318;S
20240227;101552;574.2;1;9702777319;S
20240227;101552;574.2;1;9702777601;S
20240227;101557;574.3;9;9702778633;B
20240227;101557;574.3;1;9702778634;B
20240227;101557;574.3;8;9702778635;B
20240227;101558;574.3;1;9702778797;B
20240227;101604;574.2;1;9702779854;S
20240227;101604;574.2;2;9702779875;S
20240227;101604;574.2;12;9702779876;S
20240227;101604;574.2;6;9702779877;S
20240227;101605;574.3;20;9702780033;B
20240227;101605;574.3;50;9702780034;B
20240227;101608;574.3;1;9702780474;B
20240227;101610;574.3;7;9702780876;B
20240227;101611;574.3;2;9702781025;B
20240227;101614;574.3;2;9702781550;B
20240227;101614;574.2;1;9702781596;S
20240227;101616;574.2;1;9702781862;S
20240227;101621;574.3;70;9702782703;B
20240227;101622;574.3;1;9702782852;B
20240227;101626;574.3;10;9702783340;B
20240227;101626;574.3;1;9702783382;B
20240227;101626;574.2;2;9702783388;S
20240227;101630;574.3;1;9702783963;B
20240227;101632;574.2;4;9702784215;S
20240227;101632;574.2;1;9702784216;S
20240227;101633;574.3;45;9702784250;B
20240227;101638;574.2;20;9702784969;S
20240227;101640;574.3;18;9702785088;B
20240227;101640;574.3;8;9702785121;B
20240227;101641;574.3;5;9702785264;B
20240227;101643;574.3;2;9702785577;B
20240227;101643;574.3;1;9702785624;B
20240227;101643;574.3;2;9702785670;B
20240227;101646;574.2;69;9702786003;S
20240227;101646;574.15;8;9702786004;S
20240227;101646;574.05;1;9702786057;S
20240227;101650;574.3;100;9702786535;B
20240227;101652;574.3;5;9702786828;B
20240227;101657;574.2;1;9702787410;S
20240227;101657;574.2;3;9702787411;S
20240227;101657;574.1;27;9702787412;S
20240227;101657;574.3;2;9702787441;B
20240227;101658;574.3;3;9702787632;B
20240227;101659;574.3;3;9702787743;B
20240227;101702;574.3;4;9702788077;B
20240227;101705;574.3;1;9702788587;B
20240227;101710;574.3;10;9702789085;B
20240227;101710;574.3;1;9702789098;B
20240227;101711;574.3;2;9702789258;B
20240227;101712;574.25;10;9702789426;S
20240227;101712;574.3;3;9702789478;B
20240227;101712;574.25;1;9702789492;S
20240227;101717;574.3;5;9702790087;B
20240227;101717;574.25;200;9702790134;S
20240227;101718;574.3;2;9702790160;B
20240227;101718;574.25;1;9702790183;S
20240227;101718;574.25;138;9702790304;S
20240227;101718;574.25;42;9702790305;S
20240227;101718;574.25;1;9702790306;S
20240227;101720;574.25;1;9702790566;B
20240227;101725;574.1;15;9702791080;S
20240227;101725;574.25;118;9702791117;B
20240227;101725;574.25;10;9702791118;B
20240227;101726;574.1;3;9702791244;S
20240227;101728;574.3;19;9702791525;B
20240227;101729;574.1;2;9702791594;S
20240227;101730;574.3;2;9702791713;B
20240227;101732;574.3;2;9702791863;B
20240227;101733;574.3;2;9702792028;B
20240227;101734;574.3;10;9702792071;B
20240227;101734;574.25;10;9702792144;S
20240227;101736;574.3;1;9702792256;B
20240227;101737;574.25;15;9702792395;S
20240227;101738;574.25;5;9702792527;S
20240227;101738;574.25;53;9702792559;S
20240227;101739;574.3;1;9702792578;B
20240227;101739;574.3;5;9702792601;B
20240227;101739;574.3;21;9702792617;B
20240227;101740;574.25;13;9702792721;S
20240227;101742;574.3;5;9702793023;B
20240227;101743;574.3;1;9702793195;B
20240227;101743;574.25;4;9702793224;S
20240227;101744;574.25;12;9702793376;S
20240227;101744;574.25;13;9702793539;S
20240227;101744;574.3;1;9702793590;B
20240227;101745;574.3;1;9702793769;B
20240227;101746;574.3;2;9702793801;B
20240227;101753;574.3;35;9702794564;B
20240227;101756;574.25;1;9702794930;S
20240227;101757;574.3;2;9702795009;B
20240227;101806;574.3;4;9702796046;B
20240227;101807;574.15;2;9702796184;S
20240227;101808;574.15;130;9702796291;S
20240227;101809;574.2;1;9702796394;B
20240227;101810;574.2;17;9702796625;B
20240227;101815;574.1;1;9702797257;S
20240227;101818;574.2;1;9702797663;S
20240227;101820;574.25;1;9702797869;B
20240227;101822;574.25;2;9702798024;B
20240227;101822;574.2;17;9702798081;S
20240227;101822;574.1;1;9702798082;S
20240227;101822;574.1;1;9702798083;S
20240227;101822;574.1;1;9702798084;S
20240227;101824;574.1;2;9702798214;S
20240227;101826;574.2;2;9702798388;S
20240227;101828;574.2;78;9702798617;B
20240227;101828;574.25;14;9702798618;B
20240227;101829;574.25;1;9702798715;B
20240227;101836;574.25;5;9702799449;B
20240227;101838;574.2;3;9702799712;S
20240227;101841;574.2;34;9702799998;S
20240227;101844;574.25;2;9702800285;B
20240227;101847;574.2;9;9702800567;B
20240227;101849;574.25;10;9702800787;B
20240227;101850;574.15;3;9702800830;S
20240227;101851;574.15;41;9702800878;S
20240227;101851;574.25;2;9702800933;B
20240227;101853;574.25;2;9702801119;B
20240227;101907;574.15;95;9702802581;S
20240227;101907;574.15;1;9702802582;S
20240227;101907;574.15;39;9702802583;S
20240227;101907;574.15;1;9702802584;B
20240227;101909;574.25;11;9702802814;B
20240227;101909;574.25;50;9702802815;B
20240227;101909;574.25;1;9702802816;B
20240227;101909;574.25;1;9702802817;B
20240227;101909;574.25;1;9702802818;B
20240227;101909;574.25;1;9702802819;B
20240227;101909;574.25;1;9702802820;B
20240227;101909;574.25;2;9702802821;B
20240227;101909;574.25;1;9702802822;B
20240227;101909;574.25;1;9702802823;B
20240227;101909;574.25;1;9702802824;B
20240227;101909;574.3;1;9702802825;B
20240227;101909;574.3;116;9702802826;B
20240227;101909;574.3;402;9702802827;B
20240227;101909;574.3;14;9702802828;B
20240227;101909;574.35;2;9702802829;B
20240227;101909;574.35;46;9702802830;B
20240227;101909;574.35;20;9702802831;B
20240227;101909;574.35;2;9702802832;B
20240227;101909;574.35;1;9702802833;B
20240227;101911;574.4;2;9702802975;S
20240227;101911;574.45;25;9702803007;B
20240227;101911;574.45;50;9702803008;B
20240227;101912;574.5;1;9702803116;B
20240227;101912;574.5;1;9702803145;B
20240227;101914;574.5;1;9702803342;B
20240227;101914;574.5;1;9702803372;B
20240227;101916;574.5;2;9702803528;B
20240227;101916;574.45;1;9702803570;S
20240227;101917;574.5;1;9702803619;B
20240227;101917;574.45;4;9702803650;S
20240227;101918;574.45;2;9702803705;S
20240227;101918;574.5;1;9702803741;B
20240227;101920;574.45;70;9702803888;S
20240227;101920;574.4;33;9702803896;S
20240227;101922;574.4;1;9702804093;S
20240227;101923;574.5;34;9702804199;B
20240227;101923;574.5;2;9702804215;B
20240227;101923;574.45;39;9702804218;S
20240227;101923;574.4;31;9702804219;S
20240227;101923;574.35;3;9702804237;S
20240227;101924;574.5;1;9702804301;B
20240227;101928;574.4;1;9702804695;S
20240227;101928;574.4;1;9702804696;S
20240227;101933;574.45;34;9702805223;B
20240227;101934;574.45;1;9702805332;B
20240227;101943;574.45;50;9702806208;B
20240227;101953;574.3;4;9702807485;S
20240227;101958;574.45;2;9702808094;B
20240227;102004;574.45;1;9702808942;B
20240227;102005;574.4;4;9702808997;S
20240227;102006;574.4;3;9702809121;S
20240227;102006;574.45;25;9702809232;B
20240227;102007;574.45;1;9702809369;B
20240227;102008;574.4;5;9702809391;S
20240227;102009;574.45;3;9702809533;B
20240227;102009;574.45;1;9702809572;B
20240227;102009;574.45;1;9702809578;B
20240227;102010;574.4;127;9702809761;S
20240227;102010;574.4;1;9702809762;S
20240227;102010;574.4;1;9702809763;S
20240227;102010;574.4;1;9702809764;S
20240227;102010;574.4;1;9702809765;S
20240227;102010;574.4;1;9702809766;S
20240227;102010;574.4;7;9702809767;S
20240227;102010;574.4;20;9702809768;S
20240227;102010;574.4;35;9702809769;S
20240227;102010;574.4;6;9702809770;S
20240227;102010;574.45;2;9702809824;B
20240227;102010;574.45;4;9702809874;B
20240227;102010;574.45;1;9702809875;B
20240227;102010;574.45;3;9702809876;B
20240227;102010;574.45;20;9702809916;B
20240227;102011;574.45;1;9702810020;B
20240227;102012;574.45;15;9702810222;B
20240227;102012;574.45;1;9702810300;B
20240227;102013;574.45;1;9702810469;B
20240227;102013;574.45;2;9702810470;B
20240227;102013;574.45;1;9702810471;B
20240227;102013;574.4;9;9702810542;S
20240227;102013;574.4;15;9702810543;S
20240227;102013;574.4;139;9702810544;S
20240227;102013;574.4;1;9702810545;S
20240227;102013;574.4;4;9702810546;S
20240227;102013;574.4;12;9702810547;S
20240227;102013;574.4;7;9702810548;S
20240227;102013;574.4;13;9702810549;S
20240227;102015;574.45;24;9702810726;B
20240227;102016;574.45;5;9702810848;B
20240227;102017;574.4;3;9702811055;S
20240227;102019;574.45;13;9702811240;B
20240227;102019;574.45;14;9702811253;B
20240227;102019;574.45;1;9702811254;B
20240227;102019;574.45;2;9702811255;B
20240227;102022;574.45;1;9702814878;B
20240227;102022;574.45;3;9702814879;B
20240227;102022;574.45;1;9702814902;B
20240227;102023;574.45;1;9702814943;B
20240227;102023;574.45;2;9702814944;B
20240227;102023;574.45;1;9702815042;B
20240227;102023;574.45;6;9702815069;B
20240227;102023;574.45;1;9702815070;B
20240227;102023;574.45;1;9702815083;B
20240227;102024;574.45;6;9702815203;B
20240227;102024;574.45;1;9702815204;B
20240227;102025;574.45;5;9702815295;B
20240227;102025;574.45;3;9702815296;B
20240227;102025;574.45;4;9702815297;B
20240227;102025;574.45;4;9702815298;B
20240227;102025;574.45;1;9702815299;B
20240227;102025;574.45;1;9702815385;B
20240227;102025;574.45;2;9702815386;B
20240227;102026;574.45;3;9702815439;B
20240227;102026;574.45;5;9702815440;B
20240227;102026;574.4;1;9702815555;S
20240227;102026;574.4;6;9702815556;S
20240227;102026;574.4;1;9702815557;S
20240227;102026;574.4;1;9702815558;S
20240227;102026;574.4;1;9702815559;S
20240227;102026;574.4;1;9702815560;S
20240227;102026;574.4;1;9702815561;S
20240227;102026;574.4;6;9702815562;S
20240227;102027;574.4;1;9702815599;S
20240227;102027;574.4;1;9702815600;S
20240227;102027;574.4;98;9702815601;S
20240227;102028;574.4;4;9702815740;S
20240227;102028;574.45;1;9702815741;B
20240227;102029;574.45;1;9702816954;B
20240227;102029;574.5;15;9702816984;B
20240227;102030;574.5;40;9702817181;B
20240227;102030;574.5;3;9702817182;B
20240227;102030;574.5;6;9702817183;B
20240227;102030;574.5;10;9702817184;B
20240227;102030;574.5;100;9702817185;B
20240227;102030;574.5;100;9702817186;B
20240227;102030;574.5;5;9702817187;B
20240227;102030;574.5;138;9702817188;B
20240227;102030;574.5;1;9702817189;B
20240227;102030;574.6;1;9702817191;B
20240227;102030;574.6;8;9702817192;B
20240227;102031;574.55;8;9702817286;S
20240227;102032;574.6;12;9702817355;B
20240227;102032;574.6;5;9702817387;B
20240227;102032;574.6;2;9702817481;B
20240227;102033;574.55;10;9702817500;S
20240227;102033;574.55;1;9702817512;S
20240227;102033;574.6;72;9702817631;B
20240227;102033;574.55;4;9702817650;S
20240227;102035;574.65;2;9702819441;B
20240227;102036;574.65;1;9702820556;B
20240227;102037;574.65;14;9702821150;B
20240227;102037;574.65;14;9702821151;B
20240227;102037;574.65;1;9702821616;B
20240227;102037;574.6;14;9702821687;S
20240227;102037;574.65;9;9702821688;B
20240227;102037;574.65;12;9702821689;B
20240227;102038;574.65;1;9702821693;B
20240227;102039;574.65;5;9702821821;B
20240227;102041;574.65;2;9702822883;B
20240227;102042;574.6;18;9702823406;S
20240227;102042;574.65;1;9702823452;B
20240227;102043;574.65;3;9702823483;B
20240227;102043;574.6;2;9702823493;S
20240227;102043;574.6;3;9702823498;S
20240227;102043;574.6;1;9702823506;S
20240227;102044;574.6;5;9702823729;S
20240227;102045;574.65;10;9702824220;B
20240227;102045;574.65;3;9702824221;B
20240227;102045;574.65;13;9702824235;B
20240227;102045;574.65;4;9702824236;B
20240227;102046;574.65;3;9702825107;B
20240227;102046;574.65;1;9702825108;B
20240227;102047;574.65;1;9702825129;B
20240227;102049;574.6;1;9702825673;S
20240227;102049;574.65;1;9702825674;B
20240227;102049;574.65;1;9702825695;B
20240227;102049;574.65;1;9702825696;B
20240227;102049;574.65;4;9702825705;B
20240227;102050;574.6;5;9702825747;S
20240227;102050;574.65;1;9702825748;B
20240227;102050;574.65;1;9702826239;B
20240227;102050;574.65;4;9702826240;B
20240227;102050;574.6;28;9702826273;S
20240227;102052;574.65;60;9702826874;B
20240227;102052;574.55;4;9702827158;S
20240227;102052;574.55;2;9702827159;S
20240227;102054;574.65;1;9702827350;B
20240227;102055;574.65;1;9702827496;B
20240227;102056;574.65;11;9702827872;B
20240227;102057;574.55;2;9702827990;S
20240227;102058;574.6;1;9702828815;B
20240227;102100;574.6;4;9702829474;B
20240227;102100;574.65;5;9702829475;B
20240227;102100;574.75;1;9702829476;B
20240227;102100;574.75;188;9702829477;B
20240227;102100;574.8;1;9702829478;B
20240227;102100;574.8;37;9702829479;B
20240227;102100;574.85;7;9702829480;B
20240227;102100;574.85;1;9702829481;B
20240227;102100;574.85;522;9702829482;B
20240227;102100;574.9;1;9702829483;B
20240227;102100;574.9;1;9702829484;B
20240227;102100;574.9;50;9702829485;B
20240227;102100;574.9;900;9702829486;B
20240227;102100;574.95;100;9702829487;B
20240227;102100;574.95;30;9702829488;B
20240227;102100;574.95;50;9702829489;B
20240227;102100;575;7;9702829490;B
20240227;102100;575;4;9702829491;B
20240227;102100;575;1;9702829492;B
20240227;102100;575;1;9702829493;B
20240227;102100;575;5;9702829494;B
20240227;102100;575;5;9702829495;B
20240227;102100;575;2;9702829496;B
20240227;102100;575;1;9702829497;B
20240227;102100;575;250;9702829498;B
20240227;102100;575;2;9702829499;B
20240227;102100;575;20;9702829500;B
20240227;102100;575;1;9702829501;B
20240227;102100;575;6;9702829502;B
20240227;102100;575;30;9702829503;B
20240227;102100;575;5;9702829504;B
20240227;102100;575;1;9702829505;B
20240227;102100;575;1;9702829506;B
20240227;102100;575;300;9702829507;B
20240227;102100;575;3;9702829508;B
20240227;102100;575;200;9702829509;B
20240227;102100;575;139;9702829510;B
20240227;102100;575;435;9702829511;B
20240227;102100;575.05;6;9702829512;B
20240227;102100;575.05;383;9702829513;B
20240227;102100;575.05;68;9702829514;B
20240227;102100;575.1;1;9702829535;B
20240227;102101;574.85;1;9702829594;S
20240227;102101;575.1;1;9702829603;B
20240227;102101;575.1;10;9702829615;B
20240227;102101;575.1;1;9702829616;B
20240227;102101;575.15;2;9702829617;B
20240227;102101;575.15;30;9702829618;B
20240227;102101;575.15;75;9702829619;B
20240227;102102;574.9;3;9702829954;S
20240227;102102;574.9;1;9702830080;S
20240227;102105;574.95;5;9702830825;B
20240227;102108;574.95;1;9702832218;B
20240227;102116;574.95;1;9702834455;B
20240227;102117;574.95;2;9702834561;B
20240227;102120;574.75;3;9702835626;S
20240227;102123;574.75;5;9702836970;S
20240227;102124;574.9;1;9702837055;B
20240227;102124;574.9;1;9702837276;B
20240227;102128;574.9;10;9702838511;B
20240227;102133;574.8;1;9702839876;S
20240227;102137;574.9;14;9702841281;B
20240227;102137;574.8;1;9702841282;S
20240227;102137;574.8;1;9702841283;S
20240227;102137;574.8;1;9702841284;S
20240227;102137;574.8;1;9702841285;S
20240227;102137;574.8;1;9702841286;S
20240227;102140;574.9;1;9702842476;B
20240227;102142;574.9;1;9702843119;B
20240227;102144;574.8;4;9702843593;S
20240227;102146;574.85;1;9702843737;B
20240227;102146;574.9;22;9702843738;B
20240227;102146;574.9;50;9702843739;B
20240227;102146;574.9;100;9702843740;B
20240227;102146;574.9;1;9702843741;B
20240227;102146;574.9;181;9702843742;B
20240227;102146;574.95;522;9702843743;B
20240227;102146;574.95;7;9702843744;B
20240227;102146;574.95;3;9702843745;B
20240227;102146;574.95;33;9702843746;B
20240227;102146;575;2;9702843747;B
20240227;102146;575;764;9702843748;B
20240227;102146;575;314;9702843749;B
20240227;102149;574.85;3;9702845323;S
20240227;102149;574.95;22;9702845324;B
20240227;102149;574.95;2;9702845333;B
20240227;102154;574.9;10;9702846565;S
20240227;102155;574.9;2;9702846729;S
20240227;102156;574.95;14;9702846799;B
20240227;102156;574.95;2;9702846800;B
20240227;102156;574.95;2;9702846801;B
20240227;102158;574.95;1;9702848136;B
20240227;102158;574.95;7;9702848137;B
20240227;102158;575;3;9702848188;B
20240227;102158;575;3;9702848214;B
20240227;102200;574.95;1;9702848695;S
20240227;102201;574.9;3;9702848803;S
20240227;102203;574.9;4;9702848945;S
20240227;102206;574.95;1;9702849972;B
20240227;102206;574.9;130;9702850046;S
20240227;102206;574.9;1;9702850047;S
20240227;102206;574.85;29;9702850048;S
20240227;102207;574.95;28;9702850936;B
20240227;102207;575;140;9702850937;B
20240227;102214;575;1;9702854108;B
20240227;102216;575;8;9702854625;B
20240227;102218;575;4;9702854804;B
20240227;102222;575;2;9702857490;B
20240227;102232;574.95;1;9702861298;S
20240227;102232;574.95;4;9702861299;S
20240227;102232;575;5;9702861352;B
20240227;102233;575;1;9702861946;B
20240227;102233;575;1;9702861956;B
20240227;102236;574.95;2;9702863115;S
20240227;102237;575;1;9702863155;B
20240227;102238;574.95;1;9702863408;S
20240227;102238;574.95;3;9702863468;S
20240227;102238;574.95;16;9702863469;S
20240227;102238;574.9;6;9702863534;S
20240227;102239;574.95;2;9702863583;B
20240227;102239;575;1;9702863584;B
20240227;102239;575;2;9702863613;B
20240227;102240;575;2;9702863917;B
20240227;102242;574.9;1;9702864145;S
20240227;102245;574.95;59;9702865722;S
20240227;102245;574.95;29;9702866532;S
20240227;102247;575;12;9702866838;B
20240227;102247;575;13;9702866839;B
20240227;102247;575;1;9702866840;B
20240227;102247;575;84;9702866841;B
20240227;102249;574.95;8;9702867319;S
20240227;102249;575;2;9702867372;B
20240227;102251;575;36;9702867553;B
20240227;102251;575;1;9702867625;B
20240227;102251;574.95;2;9702867653;S
20240227;102252;575;2;9702867759;B
20240227;102253;574.95;7;9702868334;S
20240227;102254;574.95;3;9702868990;S
20240227;102254;574.95;31;9702869017;S
20240227;102254;574.95;1;9702869018;S
20240227;102254;574.95;1;9702869019;S
20240227;102254;574.9;7;9702869020;S
20240227;102255;575;2;9702869537;B
20240227;102256;575;2;9702869934;B
20240227;102256;575;1;9702869935;B
20240227;102257;575;10;9702870294;B
20240227;102258;574.95;14;9702870583;S
20240227;102300;575;84;9702870800;B
20240227;102300;574.95;5;9702871020;S
20240227;102301;575;1;9702871089;B
20240227;102301;575;5;9702871122;B
20240227;102301;575;42;9702871165;B
20240227;102301;575;2;9702871167;B
20240227;102301;574.95;1;9702871169;S
20240227;102301;575;26;9702871193;B
20240227;102301;575;9;9702871194;B
20240227;102301;575;2;9702871195;B
20240227;102301;575;21;9702871196;B
20240227;102301;575;13;9702871217;S
20240227;102301;575;2;9702871233;S
20240227;102302;575.1;2;9702871941;B
20240227;102303;575.1;1;9702871984;B
20240227;102306;575.1;2;9702873292;B
20240227;102306;575.1;2;9702873293;B
20240227;102309;575.1;2;9702874436;B
20240227;102310;575.1;1;9702874876;B
20240227;102310;575.1;2;9702874877;B
20240227;102311;575.15;1;9702875023;B
20240227;102311;575.15;54;9702875096;B
20240227;102311;575.15;46;9702875097;B
20240227;102315;575.15;1;9702876162;B
20240227;102315;575.1;10;9702876164;S
20240227;102315;575.15;32;9702876216;B
20240227;102316;575.15;2;9702876259;B
20240227;102316;575.15;4;9702876357;B
20240227;102316;575.1;79;9702876379;S
20240227;102316;575.15;15;9702876397;B
20240227;102316;575.1;13;9702876464;S
20240227;102319;575.2;1;9702877933;B
20240227;102319;575.2;10;9702877934;B
20240227;102325;575.3;1;9702879064;B
20240227;102327;575.15;2;9702879413;S
20240227;102327;575.25;1;9702879415;B
20240227;102330;575.2;4;9702881298;B
20240227;102330;575.2;200;9702881299;S
20240227;102330;575.25;1;9702881395;B
20240227;102331;575.2;2;9702881506;S
20240227;102331;575.25;1;9702881712;B
20240227;102332;575.25;1;9702881744;B
20240227;102332;575.2;198;9702881775;S
20240227;102332;575.25;16;9702881802;B
20240227;102335;575.2;160;9702883148;S
20240227;102337;575.3;1;9702883376;B
20240227;102337;575.3;1;9702883377;B
20240227;102338;575.2;40;9702883476;S
20240227;102340;575.25;1;9702884245;S
20240227;102340;575.3;1;9702884685;B
20240227;102340;575.35;99;9702884686;B
20240227;102341;575.35;10;9702884749;B
20240227;102343;575.2;11;9702885462;S
20240227;102345;575.35;2;9702885967;B
20240227;102351;575.35;1;9702888095;B
20240227;102355;575.35;1;9702888723;B
20240227;102356;575.2;1;9702889494;S
20240227;102400;575.35;2;9702890836;B
20240227;102401;575.35;1;9702891611;B
20240227;102404;575.35;2;9702892692;B
20240227;102404;575.35;3;9702892719;B
20240227;102404;575.35;1;9702892801;B
20240227;102406;575.35;3;9702893237;B
20240227;102407;575.35;3;9702894053;B
20240227;102407;575.35;1;9702894054;B
20240227;102407;575.35;3;9702894055;B
20240227;102408;575.35;2;9702894144;B
20240227;102410;575.35;1;9702895276;B
20240227;102412;575.35;2;9702896122;B
20240227;102412;575.3;3;9702896143;S
20240227;102413;575.35;2;9702896195;B
20240227;102413;575.35;10;9702896240;B
20240227;102413;575.35;1;9702896273;B
20240227;102413;575.35;2;9702896274;B
20240227;102413;575.35;1;9702896327;B
20240227;102414;575.35;1;9702896644;B
20240227;102414;575.3;18;9702896672;S
20240227;102414;575.3;1;9702896677;S
20240227;102414;575.35;2;9702896915;B
20240227;102414;575.35;10;9702896916;B
20240227;102414;575.35;1;9702896917;B
20240227;102414;575.35;5;9702896918;B
20240227;102415;575.4;1;9702897134;B
20240227;102415;575.4;8;9702897135;B
20240227;102415;575.4;112;9702897658;B
20240227;102418;575.35;3;9702898749;S
20240227;102418;575.3;7;9702898750;S
20240227;102421;575.45;2;9702899962;B
20240227;102421;575.45;1;9702899963;B
20240227;102423;575.45;5;9702900363;B
20240227;102423;575.45;5;9702900364;B
20240227;102423;575.45;1;9702900365;B
20240227;102423;575.5;3;9702900366;B
20240227;102423;575.5;100;9702900367;B
20240227;102423;575.5;1;9702900368;B
20240227;102423;575.5;1;9702900369;B
20240227;102423;575.5;5;9702900370;B
20240227;102423;575.5;1;9702900371;B
20240227;102423;575.5;1;9702900372;B
20240227;102423;575.5;1;9702900373;B
20240227;102423;575.5;95;9702900374;B
20240227;102423;575.5;100;9702900375;B
20240227;102423;575.5;5;9702900376;B
20240227;102423;575.5;1;9702900377;B
20240227;102423;575.5;200;9702900378;S
20240227;102423;575.55;1;9702900379;B
20240227;102423;575.55;1;9702900381;B
20240227;102423;575.55;1;9702900382;B
20240227;102423;575.55;1;9702900428;B
20240227;102423;575.55;1;9702900429;B
20240227;102423;575.55;16;9702900430;B
20240227;102423;575.55;3;9702900431;B
20240227;102423;575.55;2;9702900432;B
20240227;102423;575.55;1;9702900433;B
20240227;102423;575.55;1;9702900434;B
20240227;102423;575.55;1;9702900435;B
20240227;102423;575.55;1;9702900436;B
20240227;102423;575.55;1;9702900437;B
20240227;102423;575.55;2;9702900438;B
20240227;102423;575.55;1;9702900439;B
20240227;102423;575.55;1;9702900440;B
20240227;102423;575.55;4;9702900441;B
20240227;102423;575.55;1;9702900442;B
20240227;102423;575.55;13;9702900443;B
20240227;102423;575.55;12;9702900451;B
20240227;102423;575.55;50;9702900452;B
20240227;102423;575.5;48;9702900591;S
20240227;102423;575.55;1;9702900616;B
20240227;102424;575.55;14;9702900716;B
20240227;102424;575.55;45;9702900717;B
20240227;102424;575.5;2;9702900750;S
20240227;102425;575.55;1;9702900792;B
20240227;102425;575.5;22;9702900804;S
20240227;102425;575.5;41;9702900893;S
20240227;102425;575.55;1;9702900928;B
20240227;102426;575.55;54;9702901056;B
20240227;102426;575.55;15;9702901135;B
20240227;102427;575.55;29;9702901851;B
20240227;102428;575.55;1;9702901991;B
20240227;102430;575.55;2;9702903131;B
20240227;102430;575.5;1362;9702903364;S
20240227;102430;575.45;30;9702903365;S
20240227;102430;575.4;139;9702903366;S
20240227;102430;575.35;1;9702903367;S
20240227;102430;575.35;500;9702903368;S
20240227;102430;575.35;139;9702903369;S
20240227;102430;575.35;28;9702903370;S
20240227;102430;575.35;150;9702903371;S
20240227;102430;575.3;139;9702903372;S
20240227;102430;575.25;434;9702903373;S
20240227;102430;575.2;384;9702903374;S
20240227;102430;575.2;250;9702903375;S
20240227;102430;575.2;500;9702903376;S
20240227;102430;575.1;4;9702903377;S
20240227;102430;575.1;500;9702903378;S
20240227;102430;575.05;5;9702903379;S
20240227;102430;575.05;1;9702903380;S
20240227;102430;575;513;9702903381;S
20240227;102430;575;12;9702903382;S
20240227;102430;575;2;9702903383;S
20240227;102430;575;5;9702903384;S
20240227;102430;575;10;9702903385;S
20240227;102430;575;1;9702903389;B
20240227;102430;575;99;9702903435;B
20240227;102430;575;3;9702903436;B
20240227;102430;575;1;9702903443;B
20240227;102430;575;12;9702903459;B
20240227;102430;575;3;9702903554;B
20240227;102430;575;2;9702903741;B
20240227;102430;575;2;9702903768;B
20240227;102431;575;4;9702903791;B
20240227;102431;575;1;9702903804;B
20240227;102431;575;3;9702903824;B
20240227;102431;575;1;9702903842;B
20240227;102432;575;5;9702904121;B
20240227;102433;575;5;9702904207;B
20240227;102433;575;5;9702904208;B
20240227;102436;575;3;9702905679;B
20240227;102436;575;512;9702905689;B
20240227;102436;575;5;9702905728;B
20240227;102437;575;1;9702905804;B
20240227;102438;575;970;9702906224;B
20240227;102438;575;30;9702906225;B
20240227;102438;574.95;1;9702906227;S
20240227;102438;574.95;5;9702906228;S
20240227;102440;574.95;2;9702906391;B
20240227;102440;574.95;2;9702906435;B
20240227;102440;574.95;2;9702906468;B
20240227;102441;574.95;2;9702906588;B
20240227;102441;574.95;30;9702906589;B
20240227;102441;574.95;47;9702906590;B
20240227;102442;574.95;10;9702906686;B
20240227;102442;574.95;20;9702906687;B
20240227;102445;575;4;9702908492;B
20240227;102445;575;2;9702908493;B
20240227;102445;575;5;9702908569;B
20240227;102446;575;10;9702908652;B
20240227;102446;574.95;3;9702908683;S
20240227;102446;574.95;1;9702908695;S
20240227;102446;575;152;9702908696;B
20240227;102446;575;47;9702908764;B
20240227;102447;575;1;9702908765;B
20240227;102447;575;1;9702908811;B
20240227;102449;575;25;9702909440;B
20240227;102450;574.95;26;9702909883;S
20240227;102451;574.95;40;9702910034;S
20240227;102452;575;1;9702911074;B
20240227;102452;575;1;9702911075;B
20240227;102453;575;2;9702911934;B
20240227;102453;575;2;9702911950;B
20240227;102454;575;3;9702912053;B
20240227;102455;574.95;2;9702912328;S
20240227;102455;574.95;25;9702912329;S
20240227;102455;574.9;2;9702912330;S
20240227;102455;574.9;2;9702912331;S
20240227;102455;574.9;6;9702912332;S
20240227;102455;575;3;9702912375;B
20240227;102455;575;3;9702912376;B
20240227;102455;575;4;9702912398;B
20240227;102455;575;5;9702912423;B
20240227;102455;575;4;9702912424;B
20240227;102455;574.9;1;9702912444;S
20240227;102456;575;1;9702912677;B
20240227;102456;575;7;9702912733;B
20240227;102457;575;1;9702912807;B
20240227;102458;575;4;9702913080;B
20240227;102458;575;173;9702913448;B
20240227;102458;575;1;9702913449;B
20240227;102458;575;2;9702913472;B
20240227;102459;575;608;9702913568;B
20240227;102459;575;10;9702913569;B
20240227;102459;574.95;1;9702913573;S
20240227;102500;574.95;1;9702914368;S
20240227;102501;574.95;20;9702914536;S
20240227;102502;575;2;9702914642;B
20240227;102503;575;4;9702914896;B
20240227;102504;574.95;3;9702915182;S
20240227;102504;574.95;10;9702915273;S
20240227;102506;575;2;9702915476;B
20240227;102508;575;1;9702915858;B
20240227;102509;575;2;9702915904;B
20240227;102509;575;1;9702915918;B
20240227;102509;575;2;9702916198;B
20240227;102510;575;2;9702916281;B
20240227;102510;575;4;9702916530;B
20240227;102512;575;1;9702918860;B
20240227;102515;574.95;3;9702919394;S
20240227;102519;574.95;4;9702922071;S
20240227;102519;575;1;9702922136;B
20240227;102520;575;91;9702922537;B
20240227;102521;575;1;9702922681;B
20240227;102525;575;3;9702924324;B
20240227;102526;575;2;9702924580;B
20240227;102527;574.95;23;9702925320;S
20240227;102528;574.95;1;9702925340;S
20240227;102528;575;350;9702925407;B
20240227;102531;575;1;9702927187;B
20240227;102531;575;2;9702927229;B
20240227;102531;575;2;9702927230;B
20240227;102531;575;1;9702927280;B
20240227;102531;575;1;9702927282;B
20240227;102532;575;10;9702927780;B
20240227;102536;574.95;2;9702929057;S
20240227;102537;575;1;9702929234;B
20240227;102537;575;2;9702929258;B
20240227;102538;575;8;9702929858;B
20240227;102538;575;1;9702929906;B
20240227;102542;575;5;9702931050;B
20240227;102542;575;1;9702931139;B
20240227;102542;575;4;9702931140;B
20240227;102542;575;6;9702931141;B
20240227;102542;575;2;9702931145;B
20240227;102542;575;6;9702931197;B
20240227;102542;575;11;9702931202;B
20240227;102542;575;14;9702931204;B
20240227;102542;575;2;9702931207;B
20240227;102542;575;9;9702931208;B
20240227;102542;575;2;9702931212;B
20240227;102542;575;5;9702931215;B
20240227;102542;575;3;9702931219;B
20240227;102542;575;3;9702931223;B
20240227;102542;575;2;9702931234;B
20240227;102542;575;5;9702931235;B
20240227;102542;575;1;9702931244;B
20240227;102542;575;2;9702931248;B
20240227;102542;575;10;9702931262;B
20240227;102542;575;6;9702931265;B
20240227;102542;575;2;9702931266;B
20240227;102542;575;3;9702931267;B
20240227;102542;575;3;9702931268;B
20240227;102542;575;2;9702931271;B
20240227;102542;575;1;9702931276;B
20240227;102542;575;1;9702931277;B
20240227;102542;575;1;9702931280;B
20240227;102542;575;4;9702931286;B
20240227;102542;575;2;9702931289;B
20240227;102542;575;2;9702931298;B
20240227;102542;575;3;9702931301;B
20240227;102542;575;1;9702931302;B
20240227;102543;575;1;9702931305;B
20240227;102543;575;4;9702931308;B
20240227;102543;575;5;9702931309;B
20240227;102543;575;1;9702931313;B
20240227;102543;575;2;9702931314;B
20240227;102543;575;3;9702931315;B
20240227;102543;575;2;9702931322;B
20240227;102543;575;2;9702931323;B
20240227;102543;575;2;9702931325;B
20240227;102543;575;5;9702931373;B
