<DATE>;<TIME>;<LAST>;<VOL>;<ID>;<OPER>
20240416;095939;590;30;10131411540;B
20240416;095939;590;5;10131411541;B
20240416;095939;590;1;10131411542;B
20240416;095939;590;1;10131411543;B
20240416;095939;590;3;10131411544;B
20240416;095939;590;4;10131411545;B
20240416;095939;590;1;10131411546;S
20240416;095939;590;1;10131411547;S
20240416;095939;590;1;10131411548;S
20240416;095939;590;5;10131411549;S
20240416;095939;590;1;10131411550;S
20240416;095939;590;1;10131411551;S
20240416;095939;590;4;10131411552;S
20240416;095939;590;29;10131411553;S
20240416;095939;590;3;10131411554;S
20240416;095939;590;5;10131411555;S
20240416;095939;590;2;10131411556;S
20240416;095939;590;10;10131411557;S
20240416;095939;590;15;10131411558;S
20240416;095939;590;1;10131411559;S
20240416;095939;590;1;10131411560;S
20240416;095939;590;20;10131411561;S
20240416;095939;590;4;10131411562;S
20240416;095939;590;1;10131411563;S
20240416;095939;590;1;10131411564;B
20240416;095939;590;2;10131411565;B
20240416;095939;590;7;10131411566;S
20240416;095939;590;3;10131411567;S
20240416;095939;590;3;10131411568;S
20240416;095939;590;42;10131411569;B
20240416;095939;590;1;10131411570;B
20240416;095939;590;170;10131411571;B
20240416;095939;590;6;10131411572;B
20240416;095939;590;20;10131411573;B
20240416;095939;590;2;10131411574;B
20240416;095939;590;19;10131411575;B
20240416;095939;590;2;10131411576;B
20240416;095939;590;6;10131411577;B
20240416;095939;590;50;10131411578;B
20240416;095939;590;10;10131411579;B
20240416;095939;590;2;10131411580;B
20240416;095939;590;3;10131411581;B
20240416;095939;590;8;10131411582;B
20240416;095939;590;1;10131411583;B
20240416;095939;590;15;10131411584;B
20240416;095939;590;4;10131411585;B
20240416;095939;590;2;10131411586;B
20240416;095939;590;2;10131411587;B
20240416;095939;590;3;10131411588;B
20240416;095939;590;1;10131411589;B
20240416;095939;590;1;10131411590;B
20240416;095939;590;100;10131411591;B
20240416;095939;590;1;10131411592;B
20240416;095939;590;50;10131411593;B
20240416;095939;590;124;10131411594;B
20240416;095939;590;1;10131411595;S
20240416;095939;590;6;10131411596;S
20240416;095939;590;1;10131411597;B
20240416;095939;590;3;10131411598;S
20240416;095939;590;5;10131411599;S
20240416;095939;590;10;10131411600;S
20240416;095939;590;2;10131411601;S
20240416;095939;590;3;10131411602;B
20240416;095939;590;425;10131411603;B
20240416;095939;590;1;10131411604;S
20240416;095939;590;394;10131411605;B
20240416;095939;590;13;10131411606;B
20240416;095939;590;12;10131411607;B
20240416;095939;590;180;10131411608;B
20240416;095939;590;1;10131411609;S
20240416;095939;590;1;10131411610;S
20240416;095939;590;1;10131411611;S
20240416;095939;590;4;10131411612;B
20240416;095939;590;1;10131411613;B
20240416;095939;590;2;10131411614;S
20240416;095939;590;34;10131411615;B
20240416;095939;590;2;10131411616;B
20240416;095939;590;3;10131411617;B
20240416;095939;590;1;10131411618;B
20240416;095939;590;4;10131411619;B
20240416;095939;590;1;10131411620;B
20240416;095939;590;1;10131411621;B
20240416;095939;590;20;10131411622;B
20240416;095939;590;1;10131411623;B
20240416;095939;590;1;10131411624;B
20240416;095939;590;4;10131411625;B
20240416;095939;590;1;10131411626;B
20240416;095939;590;20;10131411627;B
20240416;095939;590;1;10131411628;S
20240416;095939;590;2;10131411629;B
20240416;095939;590;52;10131411630;B
20240416;095939;590;1;10131411631;B
20240416;095939;590;1;10131411632;B
20240416;095939;590;1;10131411633;B
20240416;095939;590;1;10131411634;B
20240416;095939;590;1;10131411635;B
20240416;095939;590;1;10131411636;B
20240416;095939;590;2;10131411637;B
20240416;095939;590;1;10131411638;B
20240416;095939;590;3;10131411639;B
20240416;095939;590;1;10131411640;B
20240416;095939;590;2;10131411641;B
20240416;095939;590;1;10131411642;B
20240416;095939;590;1;10131411643;B
20240416;095939;590;2;10131411644;B
20240416;095939;590;2;10131411645;B
20240416;095939;590;1;10131411646;B
20240416;095939;590;15;10131411647;B
20240416;095939;590;2;10131411648;B
20240416;095939;590;1;10131411649;B
20240416;095939;590;1;10131411650;B
20240416;095939;590;1;10131411651;B
20240416;095939;590;1;10131411652;B
20240416;095939;590;2;10131411653;B
20240416;095939;590;2;10131411654;B
20240416;095939;590;1;10131411655;B
20240416;095939;590;2;10131411656;B
20240416;095939;590;2;10131411657;B
20240416;095939;590;1;10131411658;B
20240416;095939;590;1;10131411659;B
20240416;095939;590;1;10131411660;B
20240416;095939;590;1;10131411661;B
20240416;095939;590;2;10131411662;B
20240416;095939;590;1;10131411663;B
20240416;095939;590;1;10131411664;B
20240416;095939;590;2;10131411665;B
20240416;095939;590;38;10131411666;B
20240416;095939;590;1;10131411667;B
20240416;095939;590;1;10131411668;B
20240416;095939;590;51;10131411669;B
20240416;095939;590;19;10131411670;B
20240416;095939;590;83;10131411671;B
20240416;095939;590;2;10131411672;B
20240416;095939;590;150;10131411673;B
20240416;095939;590;1;10131411674;B
20240416;095939;590;1;10131411675;S
20240416;095939;590;1;10131411676;S
20240416;095939;590;14;10131411677;S
20240416;095939;590;2;10131411678;S
20240416;095939;590;6;10131411679;S
20240416;095939;590;25;10131411680;S
20240416;095939;590;2;10131411681;S
20240416;095939;590;1;10131411682;S
20240416;095939;590;6;10131411683;S
20240416;095939;590;1;10131411684;B
20240416;095939;590;2;10131411685;B
20240416;095939;590;1;10131411686;B
20240416;095939;590;2;10131411687;B
20240416;095939;590;10;10131411688;B
20240416;095939;590;1;10131411689;B
20240416;095939;590;25;10131411690;B
20240416;095939;590;1;10131411691;S
20240416;095939;590;1;10131411692;B
20240416;095939;590;1;10131411693;S
20240416;095939;590;59;10131411694;S
20240416;095939;590;9;10131411695;S
20240416;095939;590;1;10131411696;B
20240416;095939;590;2;10131411697;B
20240416;095939;590;8;10131411698;B
20240416;095939;590;10;10131411699;B
20240416;095939;590;19;10131411700;B
20240416;095939;590;3;10131411701;B
20240416;095939;590;1;10131411702;B
20240416;095939;590;2;10131411703;B
20240416;095939;590;1;10131411704;B
20240416;095939;590;1;10131411705;B
20240416;095939;590;5;10131411706;B
20240416;095939;590;1;10131411707;B
20240416;095939;590;1;10131411708;B
20240416;095939;590;1;10131411709;B
20240416;095939;590;1;10131411710;B
20240416;095939;590;2;10131411711;B
20240416;095939;590;4;10131411712;B
20240416;095939;590;1;10131411713;B
20240416;095939;590;25;10131411714;B
20240416;095939;590;2;10131411715;B
20240416;095939;590;130;10131411716;B
20240416;095939;590;1;10131411717;B
20240416;095939;590;3;10131411718;B
20240416;095939;590;99;10131411719;B
20240416;095939;590;1;10131411720;B
20240416;095939;590;100;10131411721;B
20240416;095939;590;5;10131411722;B
20240416;095939;590;9;10131411723;B
20240416;095939;590;1;10131411724;B
20240416;095939;590;1;10131411725;B
20240416;095939;590;25;10131411726;B
20240416;095939;590;5;10131411727;B
20240416;095939;590;11;10131411728;B
20240416;095939;590;1;10131411729;B
20240416;095939;590;12;10131411730;B
20240416;095939;590;2;10131411731;B
20240416;095939;590;3;10131411732;B
20240416;095939;590;5;10131411733;B
20240416;095939;590;1;10131411734;B
20240416;095939;590;2;10131411735;B
20240416;095939;590;10;10131411736;B
20240416;095939;590;1;10131411737;B
20240416;095939;590;180;10131411738;B
20240416;095939;590;5;10131411739;B
20240416;095939;590;4;10131411740;B
20240416;095939;590;7;10131411741;B
20240416;095939;590;1;10131411742;B
20240416;095939;590;25;10131411743;B
20240416;095939;590;1;10131411744;B
20240416;095939;590;1;10131411745;B
20240416;095939;590;1;10131411746;B
20240416;095939;590;1;10131411747;B
20240416;095939;590;1;10131411748;B
20240416;095939;590;2;10131411749;B
20240416;095939;590;60;10131411750;B
20240416;095939;590;4;10131411751;B
20240416;095939;590;18;10131411752;B
20240416;095939;590;22;10131411753;B
20240416;095939;590;5;10131411754;B
20240416;095939;590;22;10131411755;B
20240416;095939;590;4;10131411756;B
20240416;095939;590;1;10131411757;B
20240416;095939;590;237;10131411758;B
20240416;095939;590;64;10131411759;B
20240416;095939;590;1;10131411760;B
20240416;095939;590;5;10131411761;B
20240416;095939;590;177;10131411762;B
20240416;095939;590;23;10131411763;B
20240416;095939;590;16;10131411764;B
20240416;095939;590;24;10131411765;B
20240416;095939;590;14;10131411766;B
20240416;095939;590;1;10131411767;B
20240416;095939;590;10;10131411768;B
20240416;095939;590;6;10131411769;B
20240416;095939;590;2;10131411770;B
20240416;095939;590;1;10131411771;B
20240416;095939;590;50;10131411772;B
20240416;095939;590;1;10131411773;B
20240416;095939;590;2;10131411774;B
20240416;095939;590;14;10131411775;B
20240416;095939;590;4;10131411776;B
20240416;095939;590;100;10131411777;B
20240416;095939;590;5;10131411778;B
20240416;095939;590;2;10131411779;B
20240416;095939;590;1;10131411780;B
20240416;095939;590;10;10131411781;B
20240416;095939;590;2;10131411782;B
20240416;095939;590;2;10131411783;B
20240416;095939;590;55;10131411784;B
20240416;095939;590;1;10131411785;B
20240416;095939;590;40;10131411786;B
20240416;095939;590;18;10131411787;B
20240416;095939;590;6;10131411788;B
20240416;095939;590;1;10131411789;B
20240416;095939;590;8;10131411790;B
20240416;095939;590;22;10131411791;B
20240416;095939;590;1;10131411792;B
20240416;095939;590;40;10131411793;B
20240416;095939;590;368;10131411794;B
20240416;095939;590;169;10131411795;B
20240416;095939;590;9;10131411796;B
20240416;100000;589.95;5;10131417405;S
20240416;100000;589.95;95;10131417406;S
20240416;100000;589.95;85;10131417407;S
20240416;100000;589.9;15;10131417408;S
20240416;100000;589.95;100;10131417425;S
20240416;100000;589.95;100;10131417426;S
20240416;100000;589.95;100;10131417445;S
20240416;100000;589.95;100;10131417446;S
20240416;100000;589.95;100;10131417455;S
20240416;100000;589.95;265;10131417457;S
20240416;100000;589.9;100;10131417462;S
20240416;100000;589.9;100;10131417477;S
20240416;100000;589.9;300;10131417482;S
20240416;100000;589.95;1;10131417519;B
20240416;100000;589.9;235;10131417529;S
20240416;100000;589.9;306;10131417530;S
20240416;100000;589.85;8;10131417531;S
20240416;100000;589.85;5;10131417532;S
20240416;100000;589.85;12;10131417533;S
20240416;100000;589.8;5;10131417534;S
20240416;100000;589.8;2;10131417535;S
20240416;100000;589.8;2;10131417536;S
20240416;100000;589.8;1;10131417537;S
20240416;100000;589.8;10;10131417538;S
20240416;100000;589.8;1;10131417539;S
20240416;100000;589.8;290;10131417540;S
20240416;100000;589.8;5;10131417541;S
20240416;100000;589.75;1;10131417546;S
20240416;100000;589.8;17;10131417588;B
20240416;100000;589.8;373;10131417630;B
20240416;100000;589.8;58;10131417631;B
20240416;100000;589.8;250;10131417694;B
20240416;100000;589.8;60;10131417878;B
20240416;100000;589.8;2;10131417889;B
20240416;100000;589.8;5;10131418002;B
20240416;100001;589.8;1;10131418262;B
20240416;100001;589.75;39;10131418273;S
20240416;100001;589.75;8;10131418274;S
20240416;100001;589.75;1;10131418275;S
20240416;100001;589.75;2;10131418276;S
20240416;100001;589.75;1;10131418277;S
20240416;100001;589.75;5;10131418278;S
20240416;100001;589.75;1;10131418279;S
20240416;100001;589.75;40;10131418280;S
20240416;100001;589.75;2;10131418281;S
20240416;100001;589.75;1;10131418282;S
20240416;100001;589.8;5;10131418450;B
20240416;100001;589.8;400;10131418451;B
20240416;100001;589.85;800;10131418452;B
20240416;100001;589.95;20;10131418453;B
20240416;100001;589.95;71;10131418454;B
20240416;100001;589.95;177;10131418455;B
20240416;100001;589.95;1;10131418456;B
20240416;100001;589.95;15;10131418457;B
20240416;100001;589.9;7;10131418566;B
20240416;100001;589.75;1;10131418663;S
20240416;100001;589.75;1;10131418664;S
20240416;100001;589.75;1;10131418665;S
20240416;100001;589.75;4;10131418666;S
20240416;100001;589.75;4;10131418667;S
20240416;100001;589.75;1;10131418668;S
20240416;100001;589.75;1;10131418794;S
20240416;100001;589.75;1;10131418795;S
20240416;100001;589.75;3;10131418796;S
20240416;100001;589.75;2;10131418797;S
20240416;100001;589.75;2;10131418798;S
20240416;100001;589.75;2;10131418799;S
20240416;100001;589.75;1;10131418800;S
20240416;100001;589.75;1;10131418801;S
20240416;100001;589.75;2;10131418802;S
20240416;100001;589.75;1;10131418803;S
20240416;100001;589.75;2;10131418804;S
20240416;100001;589.75;2;10131418805;S
20240416;100001;589.75;1;10131418806;S
20240416;100001;589.75;4;10131418807;S
20240416;100001;589.75;1;10131418808;S
20240416;100001;589.75;2;10131418809;S
20240416;100001;589.75;14;10131418810;S
20240416;100001;589.9;36;10131418822;B
20240416;100001;589.9;5;10131418839;B
20240416;100001;589.9;10;10131418840;B
20240416;100001;589.75;1;10131418853;S
20240416;100001;589.75;25;10131418868;S
20240416;100001;589.75;20;10131418949;S
20240416;100001;589.75;4;10131418950;S
20240416;100001;589.75;1;10131418951;S
20240416;100002;589.75;1;10131419204;S
20240416;100002;589.75;1;10131419205;S
20240416;100002;589.75;4;10131419206;S
20240416;100002;589.75;2;10131419207;S
20240416;100002;589.75;1;10131419208;S
20240416;100002;589.75;1;10131419209;S
20240416;100002;589.75;10;10131419210;S
20240416;100002;589.9;85;10131419249;B
20240416;100002;589.9;238;10131419319;B
20240416;100002;589.9;6;10131419320;B
20240416;100002;589.9;2;10131419321;B
20240416;100002;589.9;1;10131419322;B
20240416;100002;589.9;1;10131419323;B
20240416;100002;589.95;91;10131419324;B
20240416;100002;589.9;381;10131419408;B
20240416;100002;589.9;61;10131419412;S
20240416;100002;589.8;17;10131419777;B
20240416;100003;589.8;2;10131420114;B
20240416;100004;589.75;1;10131421095;S
20240416;100004;589.75;1;10131421138;S
20240416;100004;589.8;1;10131421139;B
20240416;100004;589.75;2;10131421140;S
20240416;100004;589.8;1;10131421141;B
20240416;100004;589.8;5;10131421142;B
20240416;100004;589.75;1;10131421143;S
20240416;100004;589.8;1;10131421150;B
20240416;100004;589.8;1;10131421151;B
20240416;100004;589.75;2;10131421153;S
20240416;100004;589.75;3;10131421155;S
20240416;100004;589.8;1;10131421158;B
20240416;100004;589.75;1;10131421160;S
20240416;100004;589.8;1;10131421166;B
20240416;100004;589.8;3;10131421172;B
20240416;100004;589.75;2;10131421307;S
20240416;100004;589.75;2;10131421308;S
20240416;100004;589.75;2;10131421310;S
20240416;100004;589.75;2;10131421311;S
20240416;100004;589.8;1;10131421314;B
20240416;100004;589.75;2;10131421315;S
20240416;100004;589.75;2;10131421316;S
20240416;100004;589.75;2;10131421317;S
20240416;100004;589.8;1;10131421320;B
20240416;100005;589.75;2;10131421617;S
20240416;100005;589.8;1;10131421618;B
20240416;100005;589.8;1;10131421620;B
20240416;100005;589.75;12;10131421621;S
20240416;100005;589.8;1;10131421622;B
20240416;100005;589.8;1;10131421624;B
20240416;100005;589.8;1;10131421625;B
20240416;100005;589.8;1;10131421626;B
20240416;100005;589.8;2;10131421628;B
20240416;100005;589.75;1;10131421629;S
20240416;100005;589.75;1;10131421630;S
20240416;100005;589.8;2;10131421632;B
20240416;100005;589.75;1;10131421633;S
20240416;100005;589.8;1;10131421634;B
20240416;100005;589.8;20;10131421635;B
20240416;100005;589.75;1;10131421969;S
20240416;100005;589.8;1;10131421975;B
20240416;100005;589.75;3;10131421976;S
20240416;100005;589.8;2;10131421979;B
20240416;100005;589.8;1;10131421981;B
20240416;100005;589.75;1;10131421982;S
20240416;100005;589.75;1;10131421984;S
20240416;100005;589.75;2;10131421985;S
20240416;100005;589.8;2;10131421990;B
20240416;100005;589.8;1;10131422287;B
20240416;100005;589.8;1;10131422289;B
20240416;100005;589.8;1;10131422291;B
20240416;100005;589.75;9;10131422293;S
20240416;100005;589.75;2;10131422295;S
20240416;100005;589.75;1;10131422299;S
20240416;100005;589.8;1;10131422307;B
20240416;100005;589.75;2;10131422431;S
20240416;100005;589.8;2;10131422433;B
20240416;100005;589.8;1;10131422435;B
20240416;100005;589.8;1;10131422439;B
20240416;100005;589.8;2;10131422440;B
20240416;100005;589.8;1;10131422441;B
20240416;100005;589.8;1;10131422442;B
20240416;100005;589.75;2;10131422446;S
20240416;100005;589.75;3;10131422620;S
20240416;100005;589.8;1;10131422621;B
20240416;100005;589.75;3;10131422622;S
20240416;100005;589.8;1;10131422624;B
20240416;100005;589.75;2;10131422625;S
20240416;100005;589.75;4;10131422626;S
20240416;100005;589.8;1;10131422629;B
20240416;100005;589.75;1;10131422630;S
20240416;100005;589.75;2;10131422632;S
20240416;100005;589.75;1;10131422634;S
20240416;100005;589.8;1;10131422635;B
20240416;100005;589.75;2;10131422752;S
20240416;100005;589.75;1;10131422832;S
20240416;100006;589.75;172;10131422991;S
20240416;100006;589.75;100;10131423106;S
20240416;100006;589.75;2;10131423120;S
20240416;100006;589.75;43;10131423140;S
20240416;100006;589.75;2;10131423164;S
20240416;100006;589.8;3;10131423166;B
20240416;100006;589.75;2;10131423374;S
20240416;100006;589.8;290;10131423376;B
20240416;100006;589.8;49;10131423377;B
20240416;100006;589.75;2;10131423378;S
20240416;100006;589.8;2;10131423380;B
20240416;100006;589.75;1;10131423381;S
20240416;100006;589.8;2;10131423382;B
20240416;100006;589.75;4;10131423384;S
20240416;100006;589.8;2;10131423385;B
20240416;100006;589.75;2;10131423387;S
20240416;100006;589.8;2;10131423388;B
20240416;100006;589.75;2;10131423389;S
20240416;100006;589.8;1;10131423392;B
20240416;100007;589.8;3;10131423477;B
20240416;100007;589.75;400;10131423518;S
20240416;100007;589.8;2;10131423760;B
20240416;100007;589.8;1;10131423762;B
20240416;100007;589.8;1;10131423763;B
20240416;100007;589.8;1;10131423764;B
20240416;100007;589.75;2;10131423767;S
20240416;100007;589.75;1;10131423768;S
20240416;100007;589.75;4;10131423769;S
20240416;100007;589.75;166;10131423800;S
20240416;100007;589.75;1;10131423801;S
20240416;100007;589.75;2;10131423802;S
20240416;100007;589.75;10;10131423803;S
20240416;100007;589.75;2;10131423804;S
20240416;100007;589.75;79;10131423805;S
20240416;100007;589.8;2;10131423832;B
20240416;100007;589.75;1;10131423940;S
20240416;100007;589.75;1;10131423941;S
20240416;100007;589.75;1;10131423942;S
20240416;100007;589.8;1;10131423943;B
20240416;100007;589.8;1;10131423944;B
20240416;100007;589.75;5;10131423945;S
20240416;100007;589.75;1;10131423946;S
20240416;100007;589.75;5;10131423947;S
20240416;100007;589.75;9;10131423948;S
20240416;100007;589.8;3;10131423951;B
20240416;100007;589.75;2;10131423952;S
20240416;100007;589.8;5;10131423953;B
20240416;100007;589.8;1;10131423954;B
20240416;100007;589.8;1;10131423955;B
20240416;100007;589.75;1;10131423956;S
20240416;100007;589.75;2;10131423959;S
20240416;100007;589.75;2;10131423960;S
20240416;100007;589.75;1;10131423961;S
20240416;100007;589.75;1;10131423962;S
20240416;100007;589.75;1;10131423963;S
20240416;100007;589.8;1;10131424196;B
20240416;100007;589.8;1;10131424197;B
20240416;100007;589.8;54;10131424198;B
20240416;100007;589.8;83;10131424199;B
20240416;100007;589.8;1;10131424200;B
20240416;100007;589.75;3;10131424201;S
20240416;100007;589.8;2;10131424202;B
20240416;100007;589.8;1;10131424204;B
20240416;100007;589.8;1;10131424205;B
20240416;100007;589.75;2;10131424206;S
20240416;100007;589.75;2;10131424207;S
20240416;100007;589.75;1;10131424208;S
20240416;100007;589.8;3;10131424209;B
20240416;100007;589.8;1;10131424210;B
20240416;100007;589.8;1;10131424211;B
20240416;100007;589.75;2;10131424453;S
20240416;100007;589.8;1;10131424454;B
20240416;100007;589.8;1;10131424458;B
20240416;100007;589.8;1;10131424459;B
20240416;100007;589.8;1;10131424462;B
20240416;100007;589.8;1;10131424463;B
20240416;100007;589.8;7;10131424464;B
20240416;100007;589.8;1;10131424466;B
20240416;100007;589.75;2;10131424468;S
20240416;100007;589.75;1;10131424470;S
20240416;100007;589.8;1;10131424471;B
20240416;100007;589.8;1;10131424637;B
20240416;100007;589.8;1;10131424638;B
20240416;100007;589.8;1;10131424639;B
20240416;100007;589.75;2;10131424640;S
20240416;100007;589.8;50;10131424641;B
20240416;100007;589.8;1;10131424642;B
20240416;100007;589.75;2;10131424643;S
20240416;100007;589.8;2;10131424644;B
20240416;100007;589.75;2;10131424645;S
20240416;100007;589.75;1;10131424648;S
20240416;100007;589.75;2;10131424649;S
20240416;100007;589.8;5;10131424650;B
20240416;100007;589.8;43;10131424757;B
20240416;100007;589.75;25;10131424912;S
20240416;100008;589.75;1;10131425193;S
20240416;100008;589.75;1;10131425197;S
20240416;100008;589.8;1;10131425200;B
20240416;100008;589.8;1;10131425201;B
20240416;100008;589.75;2;10131425205;S
20240416;100008;589.8;2;10131425208;B
20240416;100008;589.75;1;10131425213;S
20240416;100008;589.75;2;10131425220;S
20240416;100008;589.8;3;10131425224;B
20240416;100008;589.8;1;10131425227;B
20240416;100008;589.75;2;10131425261;S
20240416;100008;589.75;3;10131425263;S
20240416;100008;589.75;2;10131425264;S
20240416;100008;589.8;1;10131425267;B
20240416;100008;589.75;1;10131425269;S
20240416;100008;589.8;1;10131425272;B
20240416;100008;589.75;2;10131425275;S
20240416;100008;589.8;1;10131425280;B
20240416;100008;589.75;2;10131425282;S
20240416;100008;589.75;64;10131425769;S
20240416;100008;589.75;1;10131425770;S
20240416;100008;589.75;3;10131425771;S
20240416;100008;589.75;1;10131425772;S
20240416;100008;589.75;1;10131425773;S
20240416;100008;589.75;2;10131425774;S
20240416;100008;589.75;3;10131425775;S
20240416;100008;589.75;1;10131425776;S
20240416;100008;589.75;1;10131425777;S
20240416;100008;589.75;2;10131425778;S
20240416;100008;589.75;2;10131425779;S
20240416;100008;589.75;40;10131425780;S
20240416;100008;589.75;2;10131425781;S
20240416;100008;589.75;35;10131425782;S
20240416;100008;589.75;1;10131425783;S
20240416;100008;589.75;1;10131425784;S
20240416;100008;589.75;20;10131425785;S
20240416;100008;589.75;35;10131425786;S
20240416;100008;589.75;2;10131425787;S
20240416;100008;589.75;3;10131425788;S
20240416;100008;589.75;27;10131425789;S
20240416;100008;589.75;1;10131425790;S
20240416;100008;589.75;5;10131425791;S
20240416;100008;589.75;1;10131425792;S
20240416;100008;589.75;6;10131425793;S
20240416;100008;589.75;5;10131425830;S
20240416;100008;589.8;1;10131425834;B
20240416;100008;589.8;1;10131425841;B
20240416;100008;589.75;1;10131425847;S
20240416;100008;589.8;1;10131425852;B
20240416;100008;589.8;2;10131425870;B
20240416;100008;589.8;1;10131425873;B
20240416;100008;589.8;3;10131425879;B
20240416;100008;589.75;1;10131425886;S
20240416;100008;589.8;2;10131425896;B
20240416;100008;589.75;2;10131426025;S
20240416;100008;589.75;2;10131426026;S
20240416;100008;589.8;1;10131426029;B
20240416;100008;589.8;3;10131426034;B
20240416;100008;589.8;1;10131426040;B
20240416;100008;589.75;1;10131426047;S
20240416;100008;589.8;1;10131426068;B
20240416;100008;589.75;1;10131426080;S
20240416;100008;589.8;1;10131426085;B
20240416;100008;589.75;2;10131426089;S
20240416;100008;589.8;1;10131426094;B
20240416;100008;589.8;1;10131426103;B
20240416;100008;589.75;2;10131426131;S
20240416;100008;589.75;3;10131426137;S
20240416;100008;589.8;1;10131426144;B
20240416;100008;589.75;1;10131426152;S
20240416;100008;589.75;1;10131426158;S
20240416;100008;589.75;2;10131426164;S
20240416;100008;589.8;1;10131426169;B
20240416;100008;589.8;1;10131426173;B
20240416;100008;589.75;1;10131426180;S
20240416;100008;589.75;1;10131426195;S
20240416;100008;589.8;1;10131426201;B
20240416;100008;589.8;2;10131426210;B
20240416;100008;589.75;1;10131426212;S
20240416;100008;589.75;2;10131426223;S
20240416;100008;589.75;2;10131426228;S
20240416;100008;589.75;1;10131426233;S
20240416;100008;589.8;2;10131426239;B
20240416;100008;589.75;1;10131426243;S
20240416;100008;589.75;1;10131426248;S
20240416;100008;589.8;2;10131426251;B
20240416;100008;589.8;1;10131426254;B
20240416;100008;589.8;1;10131426259;B
20240416;100008;589.8;1;10131426263;B
20240416;100008;589.75;2;10131426268;S
20240416;100008;589.75;2;10131426272;S
20240416;100008;589.75;1;10131426277;S
20240416;100008;589.8;2;10131426318;B
20240416;100009;589.8;1;10131426513;B
20240416;100009;589.8;120;10131426583;B
20240416;100009;589.75;19;10131426585;S
20240416;100009;589.8;2;10131426587;B
20240416;100009;589.75;1;10131426589;S
20240416;100009;589.8;1;10131426591;B
20240416;100009;589.8;4;10131426592;B
20240416;100009;589.8;1;10131426596;B
20240416;100009;589.8;165;10131426597;B
20240416;100009;589.8;135;10131426598;B
20240416;100009;589.75;2;10131426600;S
20240416;100009;589.8;1;10131426602;B
20240416;100009;589.75;2;10131426604;S
20240416;100009;589.8;2;10131426606;B
20240416;100009;589.8;2;10131426608;B
20240416;100009;589.8;3;10131426611;B
20240416;100009;589.75;1;10131426683;S
20240416;100009;589.75;2;10131426685;S
20240416;100009;589.8;1;10131426687;B
20240416;100009;589.75;1;10131426691;S
20240416;100009;589.8;1;10131426692;B
20240416;100009;589.8;75;10131426843;B
20240416;100009;589.8;30;10131426875;B
20240416;100009;589.8;60;10131426876;B
20240416;100009;589.75;1;10131426966;S
20240416;100009;589.8;2;10131426967;B
20240416;100009;589.75;2;10131426968;S
20240416;100009;589.8;200;10131426969;B
20240416;100009;589.75;1;10131426970;S
20240416;100009;589.75;2;10131426971;S
20240416;100009;589.8;1;10131427049;B
20240416;100010;589.75;1;10131427426;S
20240416;100010;589.8;3;10131427727;B
20240416;100010;589.8;166;10131427807;B
20240416;100010;589.8;184;10131427808;B
20240416;100011;589.8;4;10131427865;B
20240416;100011;589.75;1;10131427959;S
20240416;100011;589.75;4;10131428095;S
20240416;100011;589.85;2;10131428153;B
20240416;100012;589.75;13;10131428387;S
20240416;100012;589.85;1;10131428438;B
20240416;100012;589.85;236;10131428537;B
20240416;100012;589.85;4;10131428538;B
20240416;100012;589.85;1;10131428693;B
20240416;100012;589.75;50;10131428895;S
20240416;100012;589.75;1;10131428907;S
20240416;100013;589.75;170;10131429092;S
20240416;100014;589.85;100;10131429404;B
20240416;100014;589.85;1;10131429610;B
20240416;100016;589.8;170;10131429925;S
20240416;100016;589.8;50;10131429926;S
20240416;100016;589.75;780;10131429927;S
20240416;100016;589.85;5;10131429969;B
20240416;100017;589.75;16;10131430212;S
20240416;100017;589.85;1;10131430220;B
20240416;100017;589.75;5;10131430276;S
20240416;100018;589.85;4;10131430572;B
20240416;100019;589.75;656;10131430677;S
20240416;100020;589.75;15;10131431072;S
20240416;100021;589.8;1;10131431306;B
20240416;100022;589.75;519;10131431547;S
20240416;100023;589.75;2;10131431684;S
20240416;100023;589.8;10;10131431798;B
20240416;100024;589.75;20;10131431825;S
20240416;100024;589.75;10;10131431972;S
20240416;100024;589.8;1;10131431993;B
20240416;100025;589.8;5;10131432201;B
20240416;100025;589.75;10;10131432274;S
20240416;100026;589.75;1;10131432474;S
20240416;100026;589.8;2;10131432522;B
20240416;100027;589.8;2;10131432573;B
20240416;100027;589.8;10;10131432574;B
20240416;100027;589.75;19;10131432721;S
20240416;100028;589.75;628;10131433109;S
20240416;100028;589.75;59;10131433110;S
20240416;100028;589.75;313;10131433111;S
20240416;100028;589.8;120;10131433128;B
20240416;100029;589.75;47;10131433159;S
20240416;100029;589.8;7;10131433313;B
20240416;100029;589.8;3;10131433325;B
20240416;100030;589.75;1;10131433382;S
20240416;100030;589.75;1;10131433444;S
20240416;100030;589.8;5;10131433596;B
20240416;100031;589.75;138;10131433700;S
20240416;100031;589.75;65;10131433701;S
20240416;100031;589.75;203;10131433769;S
20240416;100032;589.75;1;10131433906;S
20240416;100032;589.8;10;10131433911;B
20240416;100032;589.75;5;10131433993;S
20240416;100032;589.75;203;10131434195;S
20240416;100033;589.75;203;10131434308;S
20240416;100033;589.75;15;10131434326;S
20240416;100033;589.75;3;10131434512;S
20240416;100033;589.8;1;10131434581;B
20240416;100034;589.8;1;10131434819;B
20240416;100034;589.75;5;10131434858;S
20240416;100034;589.75;297;10131434962;S
20240416;100034;589.75;100;10131434963;S
20240416;100034;589.75;3;10131434964;S
20240416;100034;589.75;18;10131434965;S
20240416;100035;589.75;79;10131435063;S
20240416;100035;589.75;1;10131435064;S
20240416;100035;589.75;123;10131435065;S
20240416;100035;589.75;47;10131435066;S
20240416;100035;589.7;4;10131435095;S
20240416;100035;589.7;10;10131435096;S
20240416;100035;589.7;189;10131435097;S
20240416;100035;589.7;93;10131435161;S
20240416;100035;589.7;3;10131435169;S
20240416;100035;589.7;138;10131435253;S
20240416;100035;589.7;8;10131435254;S
20240416;100035;589.7;35;10131435255;S
20240416;100035;589.7;22;10131435256;S
20240416;100035;589.7;3;10131435257;S
20240416;100035;589.7;1;10131435258;S
20240416;100035;589.7;199;10131435259;S
20240416;100035;589.7;203;10131435260;S
20240416;100036;589.7;98;10131435309;S
20240416;100036;589.7;20;10131435310;S
20240416;100036;589.7;2;10131435311;S
20240416;100036;589.7;4;10131435312;S
20240416;100036;589.7;25;10131435313;S
20240416;100036;589.7;1;10131435314;S
20240416;100036;589.65;46;10131435315;S
20240416;100036;589.6;20;10131435316;S
20240416;100036;589.5;2;10131435317;S
20240416;100036;589.5;1;10131435318;S
20240416;100036;589.5;36;10131435319;S
20240416;100036;589.5;20;10131435320;S
20240416;100036;589.4;1;10131435321;S
20240416;100036;589.4;25;10131435322;S
20240416;100036;589.4;20;10131435323;S
20240416;100036;589.35;173;10131435324;S
20240416;100036;589.35;52;10131435329;S
20240416;100036;589.35;20;10131435330;S
20240416;100036;589.2;20;10131435331;S
20240416;100036;589.2;8;10131435332;S
20240416;100036;589.15;8;10131435333;S
20240416;100036;589.15;1;10131435334;S
20240416;100036;589.15;91;10131435335;S
20240416;100036;589.15;133;10131435336;S
20240416;100036;589.1;200;10131435337;S
20240416;100036;589.1;100;10131435338;S
20240416;100036;589.1;20;10131435339;S
20240416;100036;589.1;1;10131435340;S
20240416;100036;589.1;1;10131435341;S
20240416;100036;589.05;2;10131435373;S
20240416;100036;589.05;20;10131435399;S
20240416;100036;589.05;96;10131435400;S
20240416;100036;589;1;10131435401;S
20240416;100036;589;99;10131435402;S
20240416;100036;589;1;10131435403;S
20240416;100036;589;1;10131435404;S
20240416;100036;589;3;10131435405;S
20240416;100036;589;61;10131435406;S
20240416;100036;589;29;10131435445;S
20240416;100036;589;1;10131435446;S
20240416;100036;589;2;10131435447;S
20240416;100036;589;20;10131435448;S
20240416;100036;589;248;10131435449;S
20240416;100036;589;7;10131435452;S
20240416;100036;589;45;10131435473;S
20240416;100036;589;50;10131435474;S
20240416;100036;589;100;10131435475;S
20240416;100036;589.05;8;10131435495;B
20240416;100036;589.05;20;10131435529;B
20240416;100037;589;184;10131435649;S
20240416;100037;589;167;10131435650;S
20240416;100037;589;500;10131435652;S
20240416;100037;589;49;10131435653;S
20240416;100037;589;1;10131435654;S
20240416;100037;589;128;10131435655;S
20240416;100037;589;260;10131435715;S
20240416;100037;589;250;10131435721;S
20240416;100037;589;15;10131435765;S
20240416;100037;589.05;25;10131435772;B
20240416;100037;589.05;100;10131435785;B
20240416;100037;589;50;10131435810;S
20240416;100038;589.05;3;10131435968;B
20240416;100039;589.05;80;10131436413;B
20240416;100040;589.05;20;10131436472;B
20240416;100040;589.05;100;10131436534;B
20240416;100040;589.05;150;10131436535;B
20240416;100040;589.05;20;10131436572;B
20240416;100040;589.05;1;10131436726;B
20240416;100041;589.05;2;10131436771;B
20240416;100041;589.05;1;10131436772;B
20240416;100041;589.05;250;10131436773;B
20240416;100041;589.05;75;10131436774;B
20240416;100041;589.05;20;10131436775;B
20240416;100041;589.05;1;10131436776;B
20240416;100041;589.05;203;10131436777;B
20240416;100041;589.1;6;10131436929;B
20240416;100041;589.05;6;10131437137;S
20240416;100041;589.1;1;10131437168;B
20240416;100042;589.1;196;10131437303;B
20240416;100042;589.1;9;10131437304;B
20240416;100042;589.05;4;10131437484;B
20240416;100042;589;2;10131437711;S
20240416;100043;589;18;10131437886;S
20240416;100043;589.05;4;10131437929;B
20240416;100044;589;27;10131438209;S
20240416;100044;589;1;10131438210;S
20240416;100044;589;1;10131438211;S
20240416;100044;589;1;10131438212;S
20240416;100044;588.95;2;10131438213;S
20240416;100044;588.9;4;10131438214;S
20240416;100044;588.9;2;10131438215;S
20240416;100044;588.9;25;10131438216;S
20240416;100044;588.9;2;10131438217;S
20240416;100044;588.9;20;10131438218;S
20240416;100044;588.85;2;10131438219;S
20240416;100044;588.85;33;10131438220;S
20240416;100044;588.85;318;10131438221;S
20240416;100044;588.8;1;10131438222;S
20240416;100044;588.8;1;10131438223;S
20240416;100044;588.8;2;10131438224;S
20240416;100044;588.8;20;10131438225;S
20240416;100044;588.8;20;10131438226;S
20240416;100044;588.8;173;10131438227;S
20240416;100044;588.75;2;10131438228;S
20240416;100044;588.7;2;10131438229;S
20240416;100044;588.7;20;10131438230;S
20240416;100044;588.7;20;10131438231;S
20240416;100044;588.65;2;10131438232;S
20240416;100044;588.6;10;10131438233;S
20240416;100044;588.6;10;10131438234;S
20240416;100044;588.6;2;10131438235;S
20240416;100044;588.6;2;10131438236;S
20240416;100044;588.6;2;10131438237;S
20240416;100044;588.6;20;10131438238;S
20240416;100044;588.6;20;10131438239;S
20240416;100044;588.6;20;10131438240;S
20240416;100044;588.55;2;10131438241;S
20240416;100044;588.55;211;10131438242;S
20240416;100044;588.85;16;10131438243;B
20240416;100044;588.6;40;10131438254;S
20240416;100044;588.85;1;10131438305;B
20240416;100044;588.85;1;10131438349;B
20240416;100044;588.85;112;10131438364;B
20240416;100044;588.55;170;10131438426;S
20240416;100044;588.5;50;10131438427;S
20240416;100044;588.5;30;10131438428;S
20240416;100044;588.5;2;10131438429;S
20240416;100044;588.5;179;10131438430;S
20240416;100044;588.5;18;10131438514;S
20240416;100044;588.5;152;10131438531;S
20240416;100044;588.45;2;10131438532;S
20240416;100044;588.45;173;10131438533;S
20240416;100044;588.4;2;10131438534;S
20240416;100044;588.4;33;10131438535;S
20240416;100044;588.4;632;10131438536;S
20240416;100044;588.35;2;10131438537;S
20240416;100044;588.35;203;10131438538;S
20240416;100044;588.3;2;10131438539;S
20240416;100044;588.3;49;10131438540;S
20240416;100044;588.65;100;10131438541;B
20240416;100044;588.65;13;10131438546;B
20240416;100044;588.65;21;10131438561;B
20240416;100044;588.75;91;10131438562;B
20240416;100045;588.5;25;10131438669;S
20240416;100045;588.5;16;10131438680;S
20240416;100045;588.7;2;10131438709;B
20240416;100045;588.7;31;10131438861;B
20240416;100045;588.8;1;10131438890;B
20240416;100045;588.8;100;10131438899;B
20240416;100045;588.7;5;10131438957;S
20240416;100046;588.8;3;10131438986;B
20240416;100047;588.8;4;10131439293;B
20240416;100048;588.7;5;10131439624;S
20240416;100048;588.8;95;10131439677;B
20240416;100048;588.8;1;10131439678;B
20240416;100048;588.85;73;10131439679;B
20240416;100048;588.7;20;10131439781;S
20240416;100049;588.8;1;10131439993;B
20240416;100051;588.75;1;10131440389;S
20240416;100051;588.7;14;10131440390;S
20240416;100051;588.55;33;10131440391;S
20240416;100051;588.5;2;10131440392;S
20240416;100051;588.85;1;10131440486;B
20240416;100051;588.7;135;10131440608;S
20240416;100052;588.8;50;10131440751;B
20240416;100052;588.85;10;10131440875;B
20240416;100053;588.85;119;10131440954;B
20240416;100053;588.85;1;10131440955;B
20240416;100053;588.85;1;10131440956;B
20240416;100053;588.9;203;10131440957;B
20240416;100053;588.9;33;10131440958;B
20240416;100053;588.9;357;10131440959;B
20240416;100053;588.75;1;10131441057;S
20240416;100054;588.85;203;10131441327;B
20240416;100054;588.9;220;10131441328;B
20240416;100054;588.75;103;10131441351;S
20240416;100055;588.85;7;10131441630;B
20240416;100055;588.85;196;10131441664;B
20240416;100055;588.9;47;10131441665;B
20240416;100057;588.8;4;10131441957;S
20240416;100057;588.9;6;10131441980;B
20240416;100057;588.8;378;10131442093;S
20240416;100057;588.75;122;10131442094;S
20240416;100058;588.75;200;10131442311;S
20240416;100058;588.7;25;10131442348;S
20240416;100059;588.75;2;10131442504;S
20240416;100059;588.8;109;10131442665;S
20240416;100059;588.8;291;10131442666;S
20240416;100059;588.7;20;10131442727;S
20240416;100059;588.7;30;10131442728;S
20240416;100100;588.85;5;10131443038;B
20240416;100100;588.7;352;10131443042;S
20240416;100100;588.65;1;10131443043;S
20240416;100100;588.65;67;10131443044;S
20240416;100102;588.75;100;10131443424;B
20240416;100103;588.6;1;10131443700;S
20240416;100103;588.8;173;10131443709;B
20240416;100103;588.8;166;10131443710;B
20240416;100103;588.8;126;10131443724;S
20240416;100104;588.9;299;10131443994;B
20240416;100104;588.7;165;10131444012;S
20240416;100104;588.6;35;10131444013;S
20240416;100104;588.6;3;10131444020;S
20240416;100105;588.6;10;10131444176;S
20240416;100105;588.6;3;10131444193;S
20240416;100106;588.8;1;10131444397;B
20240416;100106;588.85;173;10131444521;B
20240416;100106;588.85;163;10131444522;B
20240416;100106;588.9;241;10131444523;B
20240416;100106;588.9;33;10131444524;B
20240416;100106;588.95;203;10131444525;B
20240416;100106;588.95;100;10131444526;B
20240416;100106;589;87;10131444527;B
20240416;100106;588.95;1;10131444532;B
20240416;100107;588.95;202;10131444675;B
20240416;100107;589;113;10131444676;B
20240416;100107;589;185;10131444677;B
20240416;100108;588.8;8;10131444786;S
20240416;100108;588.75;33;10131444787;S
20240416;100108;588.75;65;10131444788;S
20240416;100109;588.85;313;10131445133;B
20240416;100110;588.65;33;10131445244;S
20240416;100110;588.65;17;10131445245;S
20240416;100110;588.6;2;10131445351;S
20240416;100111;588.9;33;10131445463;B
20240416;100111;588.9;1;10131445464;B
20240416;100111;588.9;86;10131445465;B
20240416;100113;588.85;1;10131445914;B
20240416;100114;588.85;32;10131446135;B
20240416;100115;588.9;153;10131446328;B
20240416;100115;588.95;203;10131446329;B
20240416;100115;588.95;173;10131446330;B
20240416;100115;588.95;12;10131446331;B
20240416;100115;589;18;10131446332;B
20240416;100115;589;173;10131446333;B
20240416;100115;588.8;33;10131446400;S
20240416;100115;588.75;173;10131446401;S
20240416;100115;588.7;142;10131446402;S
20240416;100116;588.9;33;10131446601;B
20240416;100116;588.95;203;10131446602;B
20240416;100116;589;764;10131446603;B
20240416;100118;588.95;147;10131447200;B
20240416;100118;589;63;10131447201;B
20240416;100118;589;32;10131447202;B
20240416;100118;589;203;10131447203;B
20240416;100118;589;55;10131447204;B
20240416;100118;588.85;20;10131447208;S
20240416;100119;588.85;153;10131447355;S
20240416;100119;588.8;33;10131447356;S
20240416;100119;588.7;4;10131447357;S
20240416;100119;588.65;5;10131447358;S
20240416;100119;588.65;5;10131447359;S
20240416;100121;588.65;119;10131447642;S
20240416;100122;588.8;20;10131447802;B
20240416;100122;588.85;33;10131447803;B
20240416;100122;588.85;144;10131447804;B
20240416;100122;588.95;1;10131447814;B
20240416;100122;588.85;5;10131447821;S
20240416;100123;588.9;1;10131447993;B
20240416;100123;588.85;9;10131448255;S
20240416;100124;588.9;2;10131448294;B
20240416;100124;588.9;5;10131448374;B
20240416;100125;588.85;6;10131448467;S
20240416;100125;588.9;2;10131448484;B
20240416;100125;588.95;2;10131448485;B
20240416;100125;589;294;10131448510;B
20240416;100125;589;200;10131448511;B
20240416;100125;589;173;10131448512;B
20240416;100125;589;5;10131448588;S
20240416;100126;589.05;1;10131448597;B
20240416;100126;589.05;1;10131448598;B
20240416;100126;589;17;10131448610;S
20240416;100126;589.05;75;10131448627;B
20240416;100126;588.85;20;10131448649;S
20240416;100127;588.85;2;10131448767;S
20240416;100127;589;20;10131448808;B
20240416;100127;589;20;10131448827;B
20240416;100128;588.85;10;10131448910;S
20240416;100129;588.85;3;10131449209;S
20240416;100129;588.85;14;10131449230;S
20240416;100130;588.85;10;10131449309;S
20240416;100130;588.85;28;10131449459;S
20240416;100130;588.85;20;10131449547;S
20240416;100131;588.85;10;10131449773;S
20240416;100132;588.85;5;10131450004;S
20240416;100132;588.85;1;10131450056;S
20240416;100133;588.9;1;10131450286;B
20240416;100133;588.9;63;10131450296;B
20240416;100133;588.9;137;10131450297;B
20240416;100133;588.85;6;10131450320;S
20240416;100134;588.95;7;10131450403;B
20240416;100135;588.9;10;10131450564;S
20240416;100135;588.85;30;10131450565;S
20240416;100136;588.95;382;10131450741;B
20240416;100136;588.95;200;10131450778;S
20240416;100136;589;1;10131450789;B
20240416;100136;588.95;25;10131450860;S
20240416;100137;588.95;135;10131451022;B
20240416;100137;589;22;10131451023;B
20240416;100138;588.85;124;10131451269;S
20240416;100139;588.7;1;10131451431;S
20240416;100139;588.85;1;10131451496;B
20240416;100141;588.65;1;10131451811;S
20240416;100141;588.65;19;10131451812;S
20240416;100142;588.65;5;10131451988;S
20240416;100142;588.7;6;10131452123;B
20240416;100142;588.7;1;10131452131;B
20240416;100143;588.7;1;10131452208;B
20240416;100144;588.8;128;10131452480;B
20240416;100144;588.85;372;10131452481;B
20240416;100147;588.85;3;10131452802;B
20240416;100147;588.85;15;10131452803;B
20240416;100147;588.85;1;10131452804;B
20240416;100147;588.85;100;10131452805;B
20240416;100147;588.9;4;10131452906;B
20240416;100148;588.95;382;10131452914;B
20240416;100148;589;37;10131452915;B
20240416;100148;589;10;10131452916;B
20240416;100148;589;22;10131452917;B
20240416;100148;589;1;10131452918;B
20240416;100148;589;1;10131452919;B
20240416;100148;589;125;10131452920;B
20240416;100148;589.05;67;10131452921;B
20240416;100148;588.9;5;10131452936;S
20240416;100148;588.9;168;10131452946;S
20240416;100148;588.85;124;10131452947;S
20240416;100148;588.85;28;10131452948;S
20240416;100149;588.85;5;10131453129;S
20240416;100149;588.85;173;10131453130;S
20240416;100149;588.8;19;10131453131;S
20240416;100150;588.8;27;10131453371;S
20240416;100151;588.9;1;10131453427;S
20240416;100152;588.95;163;10131453698;S
20240416;100152;589.05;1;10131453777;B
20240416;100152;589.05;15;10131453803;B
20240416;100152;589.05;33;10131453804;B
20240416;100152;589.05;121;10131453805;B
20240416;100152;589.1;34;10131453806;B
20240416;100154;588.95;40;10131454045;S
20240416;100154;588.9;360;10131454046;S
20240416;100154;588.95;3;10131454234;S
20240416;100155;589.1;348;10131454314;B
20240416;100155;589.1;173;10131454315;B
20240416;100155;589.15;5;10131454316;B
20240416;100155;589.15;27;10131454317;B
20240416;100155;589.15;120;10131454318;B
20240416;100155;589.15;48;10131454319;B
20240416;100155;589.2;2;10131454320;B
20240416;100155;589.2;17;10131454321;B
20240416;100155;589.2;425;10131454322;B
20240416;100156;589.05;1;10131454731;S
20240416;100156;589.05;32;10131454732;S
20240416;100156;589;119;10131454733;S
20240416;100156;589;49;10131454734;S
20240416;100156;589.15;381;10131454771;B
20240416;100156;589.2;1;10131454772;B
20240416;100156;589.2;118;10131454773;B
20240416;100157;589.05;10;10131454833;S
20240416;100157;589.05;1;10131454890;S
20240416;100158;589.2;32;10131455129;B
20240416;100158;589.25;2;10131455152;B
20240416;100158;589.25;1;10131455285;B
20240416;100159;589.2;117;10131455494;B
20240416;100159;589.25;29;10131455495;B
20240416;100159;589.25;381;10131455496;B
20240416;100159;589.35;144;10131455497;B
20240416;100159;589.4;60;10131455498;B
20240416;100201;589.35;2;10131455981;B
20240416;100201;589.25;170;10131456022;S
20240416;100201;589.25;173;10131456023;S
20240416;100201;589.2;116;10131456024;S
20240416;100201;589.15;41;10131456025;S
20240416;100202;589.35;1;10131456055;B
20240416;100202;589.2;1;10131456099;S
20240416;100202;589.35;2;10131456100;B
20240416;100202;589.35;3;10131456155;B
20240416;100204;589.2;1;10131456848;S
20240416;100206;589.2;10;10131457239;S
20240416;100208;589.35;50;10131457817;B
20240416;100208;589.25;1;10131457887;B
20240416;100208;589.4;609;10131457888;B
20240416;100208;589.4;31;10131457889;B
20240416;100208;589.45;1800;10131457890;B
20240416;100208;589.45;1;10131457891;B
20240416;100208;589.45;173;10131457892;B
20240416;100208;589.45;64;10131457893;B
20240416;100208;589.45;114;10131457894;B
20240416;100208;589.5;381;10131457895;B
20240416;100208;589.55;203;10131457896;B
20240416;100208;589.55;1000;10131457897;B
20240416;100208;589.6;203;10131457898;B
20240416;100208;589.6;500;10131457899;B
20240416;100208;589.65;203;10131457900;B
20240416;100208;589.75;1;10131457901;B
20240416;100208;589.75;5;10131457902;B
20240416;100208;589.75;94;10131457903;B
20240416;100208;589.75;2;10131457904;B
20240416;100208;589.75;4;10131457905;B
20240416;100208;589.75;1;10131457906;B
20240416;100208;589.8;10;10131457907;B
20240416;100208;589.8;8;10131457908;B
20240416;100208;589.8;160;10131457909;B
20240416;100208;589.85;5;10131457910;B
20240416;100208;589.85;764;10131457911;B
20240416;100208;589.85;300;10131457912;B
20240416;100208;589.9;5;10131457913;B
20240416;100208;589.9;1;10131457914;B
20240416;100208;589.9;20;10131457915;B
20240416;100208;589.9;384;10131457916;B
20240416;100209;589.85;100;10131457917;B
20240416;100209;589.85;281;10131457991;B
20240416;100209;589.9;200;10131457992;B
20240416;100209;589.9;19;10131457993;B
20240416;100209;589.95;64;10131458028;B
20240416;100209;589.95;4;10131458029;B
20240416;100209;589.95;9;10131458030;B
20240416;100209;589.95;18;10131458031;B
20240416;100209;589.95;51;10131458032;B
20240416;100209;589.95;300;10131458033;B
20240416;100209;589.95;11;10131458034;B
20240416;100209;589.95;3;10131458035;B
20240416;100209;589.95;1;10131458036;B
20240416;100209;589.95;99;10131458037;B
20240416;100209;589.95;1;10131458038;B
20240416;100209;589.95;20;10131458039;B
20240416;100209;589.95;10;10131458040;B
20240416;100209;589.95;2;10131458041;B
20240416;100209;589.95;5;10131458042;B
20240416;100209;589.95;3;10131458043;B
20240416;100209;589.95;25;10131458044;B
20240416;100209;589.95;59;10131458045;B
20240416;100209;589.95;17;10131458046;B
20240416;100209;589.95;60;10131458047;B
20240416;100209;589.85;173;10131458049;S
20240416;100209;589.8;35;10131458069;B
20240416;100210;589.9;150;10131458164;B
20240416;100211;589.7;23;10131458347;S
20240416;100211;589.9;90;10131458379;B
20240416;100211;589.9;352;10131458400;B
20240416;100211;589.9;111;10131458401;B
20240416;100211;589.9;23;10131458402;B
20240416;100211;589.95;14;10131458403;B
20240416;100213;589.95;1;10131458788;B
20240416;100214;589.95;435;10131458873;B
20240416;100214;589.95;203;10131458874;B
20240416;100214;589.95;1000;10131458875;B
20240416;100214;589.95;362;10131458876;B
20240416;100214;589.9;42;10131458929;S
20240416;100214;589.95;250;10131459104;B
20240416;100214;590;354;10131459105;B
20240416;100214;590;6;10131459106;B
20240416;100214;590;5;10131459107;B
20240416;100214;590;1;10131459108;B
20240416;100214;590;15;10131459109;B
20240416;100214;590;25;10131459110;B
20240416;100214;590;2;10131459111;B
20240416;100214;590;10;10131459112;B
20240416;100214;590;5;10131459113;B
20240416;100214;590;1;10131459114;B
20240416;100214;590;1;10131459115;B
20240416;100214;590;348;10131459116;B
20240416;100214;590;60;10131459117;B
20240416;100214;590;228;10131459118;B
20240416;100214;590;1;10131459119;B
20240416;100214;590;1;10131459120;B
20240416;100214;590;2;10131459121;B
20240416;100214;590;1;10131459122;B
20240416;100214;590;200;10131459123;B
20240416;100214;590;1;10131459124;B
20240416;100214;590;7;10131459125;B
20240416;100214;590;20;10131459126;B
20240416;100214;590;3;10131459127;B
20240416;100214;590;1;10131459128;B
20240416;100214;590;1;10131459129;B
20240416;100214;590;1;10131459130;B
20240416;100214;590;4;10131459131;B
20240416;100214;590;29;10131459132;B
20240416;100214;590;10;10131459133;B
20240416;100214;590;4;10131459134;B
20240416;100214;590;305;10131459135;B
20240416;100214;590;53;10131459136;B
20240416;100214;590;2;10131459137;B
20240416;100214;590;1;10131459138;B
20240416;100214;590;30;10131459139;B
20240416;100214;590;7;10131459140;B
20240416;100214;590;278;10131459141;B
20240416;100214;590;5;10131459142;B
20240416;100214;590;4;10131459143;B
20240416;100214;590;1;10131459144;B
20240416;100214;590;100;10131459145;B
20240416;100214;590;5;10131459146;B
20240416;100214;590;2;10131459147;B
20240416;100214;590;25;10131459148;B
20240416;100214;590;5;10131459149;B
20240416;100214;590;1;10131459150;B
20240416;100214;590;1;10131459151;B
20240416;100214;590;6;10131459152;B
20240416;100214;590;200;10131459153;B
20240416;100214;590;1;10131459154;B
20240416;100214;590;2;10131459155;B
20240416;100214;590;3;10131459156;B
20240416;100214;590;3;10131459157;B
20240416;100214;590;5;10131459158;B
20240416;100214;590;5;10131459159;B
20240416;100214;590;5;10131459160;B
20240416;100214;590;5;10131459161;B
20240416;100214;590;15;10131459162;B
20240416;100214;590;2;10131459163;B
20240416;100214;590;100;10131459164;B
20240416;100214;590;10;10131459165;B
20240416;100214;590;10;10131459166;B
20240416;100214;590;2206;10131459167;B
20240416;100214;590;900;10131459168;B
20240416;100214;590;400;10131459174;B
20240416;100214;589.95;5;10131459204;S
20240416;100214;589.95;1;10131459205;S
20240416;100214;589.95;10;10131459206;S
20240416;100214;589.95;10;10131459207;S
20240416;100214;589.95;10;10131459208;S
20240416;100214;590;21;10131459209;B
20240416;100214;589.95;300;10131459210;S
20240416;100214;589.95;303;10131459211;S
20240416;100214;589.9;173;10131459212;S
20240416;100214;589.9;24;10131459213;S
20240416;100214;589.9;89;10131459215;S
20240416;100214;589.8;5;10131459217;S
20240416;100214;589.8;8;10131459219;S
20240416;100215;589.8;1;10131459221;S
20240416;100215;589.8;5;10131459229;S
20240416;100215;589.85;20;10131459231;S
20240416;100215;589.85;5;10131459232;S
20240416;100215;589.85;1;10131459233;S
20240416;100215;589.85;3;10131459234;S
20240416;100215;589.85;2;10131459236;S
20240416;100215;589.85;10;10131459237;S
20240416;100215;589.85;57;10131459239;S
20240416;100215;589.85;1;10131459240;S
20240416;100215;589.85;5;10131459241;S
20240416;100215;589.85;3;10131459242;S
20240416;100215;589.85;26;10131459243;S
20240416;100215;589.85;10;10131459244;S
20240416;100215;589.9;100;10131459277;B
20240416;100215;589.85;1;10131459279;S
20240416;100215;589.85;3;10131459280;S
20240416;100215;589.9;11;10131459281;B
20240416;100215;589.9;39;10131459282;B
20240416;100215;589.85;30;10131459305;S
20240416;100215;589.85;170;10131459311;B
20240416;100215;589.85;173;10131459312;B
20240416;100215;589.9;15;10131459313;B
20240416;100215;589.9;2;10131459314;B
20240416;100215;589.8;1;10131459316;S
20240416;100215;589.9;38;10131459317;B
20240416;100215;589.95;112;10131459318;B
20240416;100215;589.8;200;10131459319;S
20240416;100215;589.8;17;10131459320;S
20240416;100215;589.7;203;10131459321;S
20240416;100215;589.7;113;10131459322;S
20240416;100215;589.7;53;10131459323;S
20240416;100215;589.65;114;10131459324;S
20240416;100215;589.6;1;10131459325;S
20240416;100215;589.65;27;10131459326;S
20240416;100215;589.65;19;10131459327;S
20240416;100215;589.85;9;10131459328;B
20240416;100215;589.65;100;10131459329;S
20240416;100215;589.65;2;10131459331;S
20240416;100215;589.65;3;10131459332;S
20240416;100215;589.65;50;10131459336;S
20240416;100215;589.65;45;10131459337;S
20240416;100215;589.65;170;10131459338;S
20240416;100215;589.65;1;10131459339;S
20240416;100215;589.6;170;10131459341;S
20240416;100215;589.6;15;10131459342;S
20240416;100215;589.55;6;10131459343;S
20240416;100215;589.55;1;10131459344;S
20240416;100215;589.7;30;10131459346;B
20240416;100215;589.75;51;10131459355;B
20240416;100215;589.75;173;10131459356;B
20240416;100215;589.8;50;10131459357;B
20240416;100215;589.8;10;10131459358;B
20240416;100215;589.9;1;10131459359;B
20240416;100215;589.9;1;10131459360;B
20240416;100215;589.9;20;10131459361;B
20240416;100215;589.9;50;10131459362;B
20240416;100215;589.9;6;10131459363;B
20240416;100215;589.95;4;10131459364;B
20240416;100215;589.95;1;10131459365;B
20240416;100215;589.95;633;10131459366;B
20240416;100215;589.9;5;10131459385;B
20240416;100215;589.9;168;10131459397;B
20240416;100215;589.9;32;10131459398;B
20240416;100215;589.7;52;10131459400;S
20240416;100215;589.7;30;10131459407;S
20240416;100215;589.75;83;10131459521;S
20240416;100215;589.7;22;10131459522;S
20240416;100215;589.6;173;10131459523;S
20240416;100215;589.55;107;10131459524;S
20240416;100215;589.5;117;10131459525;S
20240416;100215;589.75;2;10131459548;S
20240416;100216;589.6;4;10131459590;S
20240416;100216;589.85;170;10131459609;B
20240416;100216;589.85;130;10131459610;B
20240416;100216;589.85;100;10131459620;B
20240416;100216;589.5;5;10131459667;S
20240416;100216;589.65;4;10131459678;B
20240416;100216;589.85;170;10131459679;B
20240416;100216;589.85;374;10131459680;B
20240416;100216;589.85;381;10131459681;B
20240416;100216;589.9;16;10131459682;B
20240416;100216;589.9;1;10131459683;B
20240416;100216;589.9;1;10131459684;B
20240416;100216;589.9;1;10131459685;B
20240416;100216;589.9;2;10131459686;B
20240416;100216;589.9;173;10131459687;B
20240416;100216;589.9;203;10131459688;B
20240416;100216;589.95;200;10131459689;B
20240416;100216;589.95;203;10131459690;B
20240416;100216;590;1473;10131459691;B
20240416;100216;590;7;10131459692;B
20240416;100216;590;791;10131459693;B
20240416;100216;589.75;1;10131459735;S
20240416;100216;589.9;51;10131459794;B
20240416;100217;589.9;85;10131460029;B
20240416;100219;589.85;4;10131460208;B
20240416;100219;589.9;1;10131460209;B
20240416;100219;589.9;95;10131460210;B
20240416;100219;589.95;1;10131460255;B
20240416;100219;589.95;51;10131460290;B
20240416;100219;589.95;374;10131460291;B
20240416;100219;589.95;101;10131460292;B
20240416;100219;589.95;170;10131460293;B
20240416;100219;589.95;2;10131460294;B
20240416;100219;589.95;1;10131460353;S
20240416;100219;589.95;63;10131460390;S
20240416;100220;589.95;65;10131460449;B
20240416;100220;589.95;374;10131460450;B
20240416;100220;590;1209;10131460451;B
20240416;100220;590;5;10131460452;B
20240416;100220;590;1;10131460453;B
20240416;100220;590;1;10131460454;B
20240416;100220;590;35;10131460455;B
20240416;100220;590;2;10131460456;B
20240416;100220;590;4;10131460457;B
20240416;100220;590;10;10131460458;B
20240416;100220;590;10;10131460459;B
20240416;100220;590;5;10131460460;B
20240416;100220;590;8;10131460461;B
20240416;100220;590;50;10131460462;B
20240416;100220;590;8;10131460463;B
20240416;100220;590;144;10131460464;B
20240416;100220;590;11;10131460465;B
20240416;100220;590;20;10131460466;B
20240416;100220;590;2;10131460467;B
20240416;100220;590;5;10131460468;B
20240416;100220;590;10;10131460469;B
20240416;100220;590;3;10131460470;B
20240416;100220;590;1;10131460471;B
20240416;100220;590;1;10131460472;B
20240416;100220;590;5;10131460473;B
20240416;100220;590;2;10131460474;B
20240416;100220;590;1;10131460475;B
20240416;100220;590;1;10131460476;B
20240416;100220;590;1;10131460477;B
20240416;100220;590;100;10131460478;B
20240416;100220;590;1;10131460479;B
20240416;100220;590;1;10131460480;B
20240416;100220;590;5;10131460481;B
20240416;100220;590;9;10131460482;B
20240416;100220;590;3;10131460483;B
20240416;100220;590;21;10131460484;B
20240416;100220;590;20;10131460485;B
20240416;100220;590;2;10131460486;B
20240416;100220;590;1;10131460487;B
20240416;100220;590;20;10131460488;B
20240416;100220;590;3;10131460489;B
20240416;100220;590;2;10131460490;B
20240416;100220;590;1;10131460491;B
20240416;100220;590;100;10131460492;B
20240416;100220;590;1;10131460493;B
20240416;100220;590;1;10131460494;B
20240416;100220;590;5;10131460495;B
20240416;100220;590;7;10131460496;B
20240416;100220;590;5;10131460497;B
20240416;100220;590;2;10131460498;B
20240416;100220;590;1;10131460499;B
20240416;100220;590;5;10131460500;B
20240416;100220;590;1;10131460501;B
20240416;100220;590;1;10131460502;B
20240416;100220;590;17;10131460503;B
20240416;100220;590;52;10131460504;B
20240416;100220;590;35;10131460505;B
20240416;100220;590;5;10131460506;B
20240416;100220;590;2;10131460507;B
20240416;100220;590;1;10131460508;B
20240416;100220;590;6;10131460509;B
20240416;100220;590;10;10131460510;B
20240416;100220;590;2;10131460511;B
20240416;100220;590;45;10131460512;B
20240416;100220;590;300;10131460513;B
20240416;100220;590;13;10131460514;B
20240416;100220;590;1;10131460515;B
20240416;100220;590;20;10131460516;B
20240416;100220;590;1700;10131460517;B
20240416;100220;590;11;10131460518;B
20240416;100220;590;1;10131460519;B
20240416;100220;590;10;10131460520;B
20240416;100220;590;11;10131460521;B
20240416;100220;590;5;10131460522;B
20240416;100220;590;12;10131460523;B
20240416;100220;590;1;10131460524;B
20240416;100220;590;2;10131460525;B
20240416;100220;590;3;10131460526;B
20240416;100220;590;1;10131460527;B
20240416;100220;590;1;10131460528;B
20240416;100220;590;20;10131460529;B
20240416;100220;590;4;10131460530;B
20240416;100220;590;5;10131460531;B
20240416;100220;590;20;10131460532;B
20240416;100220;590;8;10131460533;B
20240416;100220;590;6;10131460534;B
20240416;100220;590;1;10131460535;B
20240416;100220;590;2;10131460536;B
20240416;100220;590;70;10131460537;B
20240416;100220;590;1;10131460538;B
20240416;100220;590;6;10131460539;B
20240416;100220;590;4;10131460540;B
20240416;100220;590;36;10131460541;B
20240416;100220;590;1;10131460542;B
20240416;100220;590;8;10131460543;B
20240416;100220;590;6;10131460544;B
20240416;100220;590;1;10131460545;B
20240416;100220;590;4;10131460546;B
20240416;100220;590;20;10131460547;B
20240416;100220;590;5;10131460548;B
20240416;100220;590;1;10131460549;B
20240416;100220;590;5;10131460550;B
20240416;100220;590;10;10131460551;B
20240416;100220;590;2;10131460552;B
20240416;100220;590;2;10131460553;B
20240416;100220;590;1;10131460554;B
20240416;100220;590;3;10131460555;B
20240416;100220;590;50;10131460556;B
20240416;100220;590;1;10131460557;B
20240416;100220;590;7;10131460558;B
20240416;100220;590;10;10131460559;B
20240416;100220;590;1;10131460560;B
20240416;100220;590;100;10131460561;B
20240416;100220;590;1;10131460562;B
20240416;100220;590;50;10131460563;B
20240416;100220;590;5;10131460564;B
20240416;100220;590;25;10131460565;B
20240416;100220;590;3;10131460566;B
20240416;100220;590;6;10131460567;B
20240416;100220;590;2;10131460568;B
20240416;100220;590;4;10131460569;B
20240416;100220;590;500;10131460570;B
20240416;100220;590;1;10131460571;B
20240416;100220;590;1;10131460572;B
20240416;100220;590;10;10131460573;B
20240416;100220;590;4;10131460574;B
20240416;100220;590;1;10131460575;B
20240416;100220;590;1;10131460576;B
20240416;100220;590;2;10131460577;B
20240416;100220;590;1;10131460578;B
20240416;100220;590;1;10131460579;B
20240416;100220;590;1;10131460580;B
20240416;100220;590;5;10131460581;B
20240416;100220;590;32;10131460582;B
20240416;100220;590;4;10131460583;B
20240416;100220;590;5;10131460584;B
20240416;100220;590;2;10131460585;B
20240416;100220;590;90;10131460586;B
20240416;100220;590;37;10131460587;B
20240416;100220;590;90;10131460588;B
20240416;100220;590;300;10131460589;B
20240416;100220;590;100;10131460590;B
20240416;100220;590;6;10131460591;B
20240416;100220;590;100;10131460592;B
20240416;100220;590;20;10131460593;B
20240416;100220;590;160;10131460594;B
20240416;100220;590;7;10131460595;B
20240416;100220;590;52;10131460596;B
20240416;100220;590;54;10131460597;B
20240416;100220;590;3;10131460598;B
20240416;100220;590;16;10131460599;B
20240416;100220;590;8;10131460600;B
20240416;100220;590;10;10131460601;B
20240416;100220;590;50;10131460602;B
20240416;100220;590;8;10131460603;B
20240416;100220;590;5;10131460604;B
20240416;100220;590;163;10131460605;B
20240416;100220;590;1;10131460606;B
20240416;100220;590;1;10131460607;B
20240416;100220;590;4;10131460608;B
20240416;100220;590;10;10131460609;B
20240416;100220;590;10;10131460610;B
20240416;100220;590;20;10131460611;B
20240416;100220;590;10;10131460612;B
20240416;100220;590;1;10131460613;B
20240416;100220;590;1;10131460614;B
20240416;100220;590;7;10131460615;B
20240416;100220;590;43;10131460616;B
20240416;100220;590;4;10131460617;B
20240416;100220;590;16;10131460618;B
20240416;100220;590;9;10131460619;B
20240416;100220;590;1;10131460620;B
20240416;100220;590;1;10131460621;B
20240416;100220;590;1;10131460622;B
20240416;100220;590;10;10131460623;B
20240416;100220;590;1;10131460624;B
20240416;100220;590;2;10131460625;B
20240416;100220;590;106;10131460626;B
20240416;100220;590;100;10131460627;B
20240416;100220;590;3;10131460628;B
20240416;100220;590;2;10131460629;B
20240416;100220;590;1;10131460630;B
20240416;100220;590;1;10131460631;B
20240416;100220;590;7;10131460632;B
20240416;100220;590;28;10131460633;B
20240416;100220;590;1;10131460634;B
20240416;100220;590;100;10131460635;B
20240416;100220;590;15;10131460636;B
20240416;100220;590;38;10131460637;B
20240416;100220;590;20;10131460638;B
20240416;100220;590;9;10131460639;B
20240416;100220;590;4;10131460640;B
20240416;100220;590;80;10131460641;B
20240416;100220;590;157;10131460642;B
20240416;100220;590;50;10131460643;B
20240416;100220;590;5;10131460644;B
20240416;100220;590;2;10131460645;B
20240416;100220;590;6;10131460646;B
20240416;100220;590;4;10131460647;B
20240416;100220;590;3;10131460648;B
20240416;100220;590;2;10131460649;B
20240416;100220;590;2;10131460650;B
20240416;100220;590;3;10131460651;B
20240416;100220;590;20;10131460652;B
20240416;100220;590;14;10131460653;B
20240416;100220;590;2;10131460654;B
20240416;100220;590;106;10131460655;B
20240416;100220;590;1;10131460656;B
20240416;100220;590;1;10131460657;B
20240416;100220;590;10;10131460658;B
20240416;100220;590;100;10131460659;B
20240416;100220;590;1;10131460660;B
20240416;100220;590;1;10131460661;B
20240416;100220;590;3;10131460662;B
20240416;100220;590;4;10131460663;B
20240416;100220;590;1;10131460664;B
20240416;100220;590;1;10131460665;B
20240416;100220;590;1;10131460666;B
20240416;100220;590;2;10131460667;B
20240416;100220;590;2;10131460668;B
20240416;100220;590;15;10131460669;B
20240416;100220;590;6;10131460670;B
20240416;100220;590;5;10131460671;B
20240416;100220;590;2;10131460672;B
20240416;100220;590;2;10131460673;B
20240416;100220;590;1;10131460674;B
20240416;100220;590;3;10131460675;B
20240416;100220;590;19;10131460676;B
20240416;100220;590;3;10131460677;B
20240416;100220;590;10;10131460678;B
20240416;100220;590;20;10131460679;B
20240416;100220;590;10;10131460680;B
20240416;100220;590;4;10131460681;B
20240416;100220;590;1;10131460682;B
20240416;100220;590;16;10131460683;B
20240416;100220;590;5;10131460684;B
20240416;100220;590;303;10131460685;B
20240416;100220;590;1;10131460686;B
20240416;100220;590;2;10131460687;B
20240416;100220;590;10;10131460688;B
20240416;100220;590;3;10131460689;B
20240416;100220;590;100;10131460690;B
20240416;100220;590;1;10131460691;B
20240416;100220;590;5;10131460692;B
20240416;100220;590;1;10131460693;B
20240416;100220;590;30;10131460694;B
20240416;100220;590;4;10131460695;B
20240416;100220;590;54;10131460696;B
20240416;100220;590;10;10131460697;B
20240416;100220;590;44;10131460698;B
20240416;100220;590;30;10131460699;B
20240416;100220;590;10;10131460700;B
20240416;100220;590;34;10131460701;B
20240416;100220;590;3;10131460702;B
20240416;100220;590;1;10131460703;B
20240416;100220;590;20;10131460704;B
20240416;100220;590;1;10131460705;B
20240416;100220;590;1;10131460706;B
20240416;100220;590;2;10131460707;B
20240416;100220;590;85;10131460708;B
20240416;100220;590;5;10131460709;B
20240416;100220;590;1;10131460710;B
20240416;100220;590;50;10131460711;B
20240416;100220;590;1;10131460712;B
20240416;100220;590;10;10131460713;B
20240416;100220;590;250;10131460714;B
20240416;100220;590;15;10131460715;B
20240416;100220;590;1;10131460716;B
20240416;100220;590;30;10131460717;B
20240416;100220;590;642;10131460718;B
20240416;100220;590;20;10131460734;B
20240416;100220;590;1;10131460759;B
20240416;100220;590;100;10131460773;B
20240416;100220;590;70;10131460800;B
20240416;100220;589.95;20;10131460814;S
20240416;100220;590;85;10131460852;B
20240416;100220;590;1;10131460855;B
20240416;100220;589.95;7;10131460911;S
20240416;100221;590;81;10131460968;B
20240416;100221;590;1;10131460969;B
20240416;100221;590;5;10131460970;B
20240416;100221;590;15;10131460971;B
20240416;100221;590;1;10131460972;B
20240416;100221;590;1;10131460973;B
20240416;100221;590;1;10131460974;B
20240416;100221;590;1;10131460975;B
20240416;100221;590;100;10131460976;B
20240416;100221;590;2;10131460977;B
20240416;100221;590;3;10131460978;B
20240416;100221;590;10;10131460979;B
20240416;100221;590;8;10131460980;B
20240416;100221;590;10;10131460981;B
20240416;100221;590;761;10131460982;B
20240416;100221;590;28;10131460983;B
20240416;100221;590;2;10131460984;B
20240416;100221;590;1;10131461026;B
20240416;100223;590;2;10131461269;B
20240416;100223;590;1;10131461270;B
20240416;100223;590;1;10131461400;B
20240416;100224;590;16;10131461412;B
20240416;100224;590;2;10131461415;B
20240416;100224;590;5;10131461417;B
20240416;100224;590;1;10131461593;B
20240416;100224;589.95;29;10131461624;S
20240416;100224;589.95;107;10131461625;S
20240416;100224;589.9;64;10131461626;S
20240416;100225;589.95;5;10131461769;S
20240416;100225;590;5;10131461869;B
20240416;100225;590;2;10131461870;B
20240416;100225;589.95;1;10131461942;S
20240416;100226;590;40;10131462195;B
20240416;100226;590;1;10131462202;B
20240416;100226;590;8;10131462261;B
20240416;100226;590;1;10131462275;B
20240416;100227;590;17;10131462442;B
20240416;100227;590;2;10131462443;B
20240416;100227;590;13;10131462444;B
20240416;100227;590;5;10131462445;B
20240416;100227;590;1;10131462446;B
20240416;100227;590;2;10131462447;B
20240416;100227;590;5;10131462448;B
20240416;100227;590;4;10131462449;B
20240416;100227;590;6;10131462450;B
20240416;100227;590;3;10131462451;B
20240416;100227;590;11;10131462452;B
20240416;100227;590;1;10131462453;B
20240416;100227;590;10;10131462454;B
20240416;100227;590;25;10131462455;B
20240416;100227;590;1;10131462456;B
20240416;100227;590;2;10131462457;B
20240416;100227;590;3;10131462458;B
20240416;100227;590;39;10131462459;B
20240416;100227;589.95;2;10131462487;S
20240416;100227;589.95;15;10131462568;S
20240416;100227;590;11;10131462576;B
20240416;100227;590;5;10131462577;B
20240416;100227;590;10;10131462578;B
20240416;100227;590;3;10131462579;B
20240416;100227;590;1;10131462580;B
20240416;100227;590;5;10131462581;B
20240416;100227;590;3;10131462582;B
20240416;100227;590;50;10131462583;B
20240416;100227;590;21;10131462584;B
20240416;100227;590;18;10131462585;B
20240416;100227;590;12;10131462586;B
20240416;100227;590;19;10131462587;B
20240416;100227;590;4;10131462588;B
20240416;100227;590;2;10131462589;B
20240416;100227;590;3;10131462590;B
20240416;100227;590;5;10131462591;B
20240416;100227;590;1;10131462592;B
20240416;100227;590;67;10131462593;B
20240416;100228;589.95;1;10131462660;S
20240416;100228;589.95;1;10131462727;S
20240416;100228;590;62;10131462755;B
20240416;100228;590;4;10131462756;B
20240416;100228;590;4;10131462757;B
20240416;100228;590;2;10131462758;B
20240416;100228;590;1;10131462759;B
20240416;100228;590;100;10131462760;B
20240416;100228;590;1;10131462761;B
20240416;100228;590;50;10131462762;B
20240416;100228;590;10;10131462763;B
20240416;100228;590;4;10131462764;B
20240416;100228;590;90;10131462765;B
20240416;100228;590;1;10131462766;B
20240416;100228;590;1;10131462767;B
20240416;100228;590;3;10131462768;B
20240416;100228;590;6;10131462769;B
20240416;100228;590;44;10131462771;B
20240416;100228;590;25;10131462772;B
20240416;100228;590;16;10131462773;B
20240416;100228;590;1;10131462774;B
20240416;100228;590;93;10131462775;B
20240416;100228;590;1;10131462776;B
20240416;100228;590;1;10131462777;B
20240416;100228;590;1;10131462778;B
20240416;100228;590;40;10131462779;B
20240416;100228;590;1;10131462780;B
20240416;100228;590;4;10131462781;B
20240416;100228;590;10;10131462782;B
20240416;100228;590;5;10131462783;B
20240416;100228;590;2;10131462784;B
20240416;100228;590;6;10131462785;B
20240416;100228;590;22;10131462786;B
20240416;100228;590;22;10131462787;B
20240416;100228;590;1;10131462788;B
20240416;100228;590;7;10131462789;B
20240416;100228;590;5;10131462790;B
20240416;100228;590;2;10131462791;B
20240416;100228;590;5;10131462792;B
20240416;100228;590;1;10131462793;B
20240416;100228;590;10;10131462794;B
20240416;100228;590;1;10131462795;B
20240416;100228;590;3;10131462796;B
20240416;100228;590.05;6;10131462797;B
20240416;100228;590.05;57;10131462798;B
20240416;100228;590.05;1;10131462799;B
20240416;100228;590.05;8;10131462800;B
20240416;100229;590.1;1;10131462905;B
20240416;100229;590.1;3;10131462906;B
20240416;100229;590.1;1;10131462907;B
20240416;100229;590.1;1;10131462908;B
20240416;100229;590.1;10;10131462909;B
20240416;100229;590.1;2;10131462910;B
20240416;100229;590.1;3;10131462911;B
20240416;100229;590.1;2;10131462912;B
20240416;100229;590.1;5;10131462913;B
20240416;100229;590.1;2;10131462914;S
20240416;100229;590.1;243;10131462915;S
20240416;100229;590.15;61;10131462954;B
20240416;100229;590.15;1;10131462955;B
20240416;100229;590.15;2;10131462956;B
20240416;100229;590.15;1;10131462957;B
20240416;100229;590.15;100;10131462958;B
20240416;100229;590.2;1;10131462959;B
20240416;100229;590.2;2;10131462960;B
20240416;100229;590.2;52;10131462961;B
20240416;100229;590.2;150;10131462962;B
20240416;100229;590.2;304;10131462963;B
20240416;100229;590.25;1;10131462964;B
20240416;100229;590.25;1;10131462965;B
20240416;100229;590.25;1;10131462970;B
20240416;100229;590.25;2;10131462971;B
20240416;100229;590.25;1;10131462972;B
20240416;100229;590.25;15;10131462973;B
20240416;100229;590.25;16;10131462974;B
20240416;100229;590.3;915;10131462975;B
20240416;100229;590.3;7;10131462979;B
20240416;100229;590.3;170;10131462989;B
20240416;100229;590.3;255;10131463009;B
20240416;100229;590.3;20;10131463016;B
20240416;100230;590.25;2;10131463058;S
20240416;100230;590.3;2;10131463127;B
20240416;100230;590.3;2;10131463131;B
20240416;100230;590.3;119;10131463146;B
20240416;100230;590.3;9;10131463167;B
20240416;100230;590.3;1;10131463168;B
20240416;100230;590.3;1;10131463169;B
20240416;100230;590.3;2;10131463170;B
20240416;100230;590.3;10;10131463171;B
20240416;100230;590.3;1;10131463172;B
20240416;100230;590.3;4;10131463173;B
20240416;100230;590.3;38;10131463174;B
20240416;100230;590.25;10;10131463178;S
20240416;100230;590.3;25;10131463179;B
20240416;100230;590.25;60;10131463180;S
20240416;100230;590.25;8;10131463181;S
20240416;100230;590.25;39;10131463182;S
20240416;100230;590.3;17;10131463183;B
20240416;100230;590.35;1;10131463184;B
20240416;100230;590.35;1;10131463185;B
20240416;100230;590.35;2;10131463186;B
20240416;100230;590.35;5;10131463187;B
20240416;100230;590.35;105;10131463188;B
20240416;100230;590.4;90;10131463189;B
20240416;100230;590.4;1;10131463190;B
20240416;100230;590.4;1;10131463191;B
20240416;100230;590.4;2;10131463192;B
20240416;100230;590.4;1;10131463193;B
20240416;100230;590.4;263;10131463194;B
20240416;100230;590.35;96;10131463195;S
20240416;100230;590.4;75;10131463224;B
20240416;100230;590.4;1;10131463263;B
20240416;100230;590.4;51;10131463270;B
20240416;100230;590.35;1;10131463309;S
20240416;100230;590.4;50;10131463311;B
20240416;100231;590.35;2;10131463333;S
20240416;100231;590.35;1;10131463386;S
20240416;100231;590.4;135;10131463399;B
20240416;100231;590.4;16;10131463401;B
20240416;100231;590.4;4;10131463435;B
20240416;100232;590.35;1;10131463568;S
20240416;100232;590.35;1;10131463576;S
20240416;100232;590.35;6;10131463628;S
20240416;100232;590.35;1;10131463647;S
20240416;100233;590.4;5;10131463680;B
20240416;100233;590.4;1;10131463681;B
20240416;100233;590.45;1;10131463682;B
20240416;100233;590.45;5;10131463683;B
20240416;100233;590.45;10;10131463684;B
20240416;100233;590.45;2;10131463685;B
20240416;100233;590.45;1;10131463686;B
20240416;100233;590.45;30;10131463687;B
20240416;100233;590.45;2;10131463688;B
20240416;100233;590.45;2;10131463689;B
20240416;100233;590.45;1;10131463690;B
20240416;100233;590.45;104;10131463691;B
20240416;100233;590.5;3;10131463692;B
20240416;100233;590.5;1;10131463693;B
20240416;100233;590.5;1;10131463694;B
20240416;100233;590.5;5;10131463695;B
20240416;100233;590.5;2;10131463696;B
20240416;100233;590.5;20;10131463697;B
20240416;100233;590.5;1;10131463698;B
20240416;100233;590.5;10;10131463699;B
20240416;100233;590.5;208;10131463700;B
20240416;100233;590.55;61;10131463701;B
20240416;100233;590.55;1;10131463702;B
20240416;100233;590.55;9;10131463703;B
20240416;100233;590.55;2;10131463704;B
20240416;100233;590.55;25;10131463705;B
20240416;100233;590.55;10;10131463706;B
20240416;100233;590.55;750;10131463707;B
20240416;100233;590.6;1;10131463708;B
20240416;100233;590.6;2;10131463709;B
20240416;100233;590.6;1;10131463710;B
20240416;100233;590.6;1;10131463711;B
20240416;100233;590.6;173;10131463712;B
20240416;100233;590.65;1;10131463713;B
20240416;100233;590.65;2;10131463714;B
20240416;100233;590.65;5;10131463715;B
20240416;100233;590.65;203;10131463716;B
20240416;100233;590.65;1000;10131463717;B
20240416;100233;590.7;1;10131463718;B
20240416;100233;590.7;174;10131463719;B
20240416;100233;590.6;96;10131463730;B
20240416;100233;590.7;4;10131463731;B
20240416;100233;590.7;400;10131463732;B
20240416;100233;590.7;1;10131463804;B
20240416;100233;590.65;18;10131463813;S
20240416;100233;590.6;173;10131463814;S
20240416;100233;590.55;9;10131463815;S
20240416;100233;590.6;9;10131463817;S
20240416;100233;590.6;1;10131463829;B
20240416;100233;590.7;1;10131463830;B
20240416;100233;590.7;84;10131463842;B
20240416;100233;590.55;10;10131463843;S
20240416;100233;590.55;1;10131463847;S
20240416;100233;590.55;10;10131463848;S
20240416;100233;590.55;1;10131463876;S
20240416;100233;590.7;58;10131463912;B
20240416;100233;590.7;100;10131463929;B
20240416;100234;590.65;1;10131463977;S
20240416;100234;590.7;50;10131464002;B
20240416;100234;590.65;2;10131464011;S
20240416;100234;590.65;1;10131464024;S
20240416;100234;590.6;4;10131464025;S
20240416;100234;590.6;1;10131464026;S
20240416;100234;590.6;3;10131464039;S
20240416;100234;590.65;29;10131464073;B
20240416;100234;590.65;2;10131464074;B
20240416;100235;590.7;1;10131464149;B
20240416;100235;590.7;1100;10131464233;B
20240416;100235;590.7;27;10131464236;B
20240416;100235;590.7;14;10131464237;B
20240416;100235;590.7;1;10131464238;B
20240416;100235;590.7;2;10131464239;B
20240416;100235;590.75;1;10131464240;B
20240416;100235;590.75;2;10131464241;B
20240416;100236;590.75;8;10131464338;B
20240416;100236;590.75;48;10131464339;B
20240416;100236;590.75;103;10131464340;B
20240416;100236;590.8;1;10131464341;B
20240416;100236;590.8;1;10131464342;B
20240416;100236;590.8;10;10131464343;B
20240416;100236;590.8;52;10131464344;B
20240416;100236;590.8;2;10131464345;B
20240416;100236;590.8;175;10131464346;B
20240416;100236;590.65;5;10131464347;S
20240416;100236;590.8;75;10131464379;B
20240416;100236;590.7;50;10131464380;S
20240416;100236;590.65;34;10131464381;S
20240416;100236;590.65;1;10131464382;S
20240416;100236;590.65;103;10131464383;S
20240416;100236;590.65;173;10131464384;S
20240416;100236;590.6;12;10131464385;S
20240416;100236;590.55;17;10131464386;S
20240416;100237;590.6;2;10131464458;S
20240416;100237;590.6;5;10131464459;S
20240416;100238;590.7;1;10131464642;B
20240416;100238;590.75;17;10131464643;B
20240416;100238;590.75;7;10131464644;B
20240416;100238;590.75;5;10131464645;B
20240416;100238;590.8;20;10131464646;B
20240416;100238;590.8;45;10131464664;B
20240416;100238;590.7;136;10131464665;S
20240416;100238;590.7;1;10131464671;S
20240416;100238;590.7;25;10131464696;S
20240416;100238;590.8;1000;10131464757;B
20240416;100238;590.7;1;10131464786;S
20240416;100238;590.7;3;10131464791;S
20240416;100239;590.7;1;10131464889;S
20240416;100239;590.8;243;10131464930;B
20240416;100239;590.8;40;10131464931;B
20240416;100239;590.8;18;10131464932;B
20240416;100239;590.8;1;10131464933;B
20240416;100239;590.8;10;10131464934;B
20240416;100239;590.8;1;10131464935;B
20240416;100239;590.8;19;10131464936;B
20240416;100239;590.8;4;10131464937;B
20240416;100239;590.85;1;10131464938;B
20240416;100239;590.85;11;10131464939;B
20240416;100239;590.85;2;10131464940;B
20240416;100239;590.85;1;10131464941;B
20240416;100239;590.85;8;10131464942;B
20240416;100239;590.85;300;10131464943;B
20240416;100239;590.85;4;10131464944;B
20240416;100239;590.85;102;10131464945;B
20240416;100239;590.9;1;10131464946;B
20240416;100239;590.9;1;10131464947;B
20240416;100239;590.9;2;10131464948;B
20240416;100239;590.9;231;10131464949;B
20240416;100239;590.85;1;10131465011;S
20240416;100239;590.9;500;10131465077;B
20240416;100240;590.9;623;10131465122;B
20240416;100240;590.9;1;10131465124;S
20240416;100240;590.9;11;10131465143;S
20240416;100240;590.9;2;10131465149;S
20240416;100240;590.9;3;10131465182;S
20240416;100240;590.9;10;10131465186;S
20240416;100240;590.9;111;10131465208;S
20240416;100240;590.9;173;10131465209;S
20240416;100240;590.9;101;10131465210;S
20240416;100240;590.85;115;10131465211;S
20240416;100240;590.95;1;10131465219;B
20240416;100240;590.95;1;10131465220;B
20240416;100241;590.95;6;10131465366;B
20240416;100241;590.95;1;10131465367;B
20240416;100241;590.95;1;10131465368;B
20240416;100241;590.95;1;10131465369;B
20240416;100241;590.95;2;10131465370;B
20240416;100241;590.95;3;10131465371;B
20240416;100241;590.95;1;10131465372;B
20240416;100241;590.95;5;10131465373;B
20240416;100241;590.95;3;10131465374;B
20240416;100241;590.95;1;10131465375;B
20240416;100241;591;1;10131465376;B
20240416;100241;591;100;10131465377;B
20240416;100241;591;2;10131465378;B
20240416;100241;591;3;10131465379;B
20240416;100241;591;62;10131465380;B
20240416;100241;591;1;10131465381;B
20240416;100241;591;2;10131465382;B
20240416;100241;591;4;10131465383;B
20240416;100241;591;44;10131465384;B
20240416;100241;591;30;10131465385;B
20240416;100241;591;1;10131465386;B
20240416;100241;591;15;10131465387;B
20240416;100241;591;60;10131465388;B
20240416;100241;591;1;10131465389;B
20240416;100241;591;1;10131465390;B
20240416;100241;591;1;10131465391;B
20240416;100241;591;5;10131465392;B
20240416;100241;591;5;10131465393;B
20240416;100241;591;2;10131465394;B
20240416;100241;591;8;10131465395;B
20240416;100241;591;3;10131465396;B
20240416;100241;591;10;10131465397;B
20240416;100241;591;3;10131465398;B
20240416;100241;591;10;10131465399;B
20240416;100241;591;1;10131465400;B
20240416;100241;591;1;10131465401;B
20240416;100241;591;2;10131465402;B
20240416;100241;591;3;10131465403;B
20240416;100241;591;1;10131465404;B
20240416;100241;591;1;10131465405;B
20240416;100241;591;2;10131465406;B
20240416;100241;591;1;10131465407;B
20240416;100241;591;50;10131465408;B
20240416;100241;591;20;10131465409;B
20240416;100241;591;2;10131465410;B
20240416;100241;591;5;10131465411;B
20240416;100241;591;2;10131465412;B
20240416;100241;591;11;10131465413;B
20240416;100241;591;2;10131465436;B
20240416;100242;590.9;1;10131465474;S
20240416;100242;590.9;1;10131465475;S
20240416;100242;590.9;14;10131465476;S
20240416;100242;590.9;159;10131465482;S
20240416;100242;590.9;2;10131465483;S
20240416;100242;590.9;7;10131465484;S
20240416;100242;590.85;1;10131465485;S
20240416;100242;590.85;81;10131465486;S
20240416;100242;590.85;1;10131465488;S
20240416;100242;590.85;10;10131465489;S
20240416;100242;590.9;15;10131465490;S
20240416;100242;590.9;2;10131465491;S
20240416;100242;590.9;189;10131465492;S
20240416;100242;590.8;1;10131465493;S
20240416;100242;590.85;1;10131465496;S
20240416;100242;590.85;18;10131465498;S
20240416;100242;590.85;50;10131465499;S
20240416;100242;590.85;11;10131465500;S
20240416;100242;590.9;2;10131465501;B
20240416;100242;590.9;5;10131465502;B
20240416;100242;590.9;1;10131465504;B
20240416;100242;590.85;1;10131465505;S
20240416;100242;590.85;368;10131465511;S
20240416;100242;590.8;61;10131465512;S
20240416;100242;590.8;99;10131465513;S
20240416;100242;590.75;100;10131465514;S
20240416;100242;590.75;173;10131465515;S
20240416;100242;590.7;1;10131465516;S
20240416;100242;590.65;5;10131465517;S
20240416;100242;590.65;93;10131465518;S
20240416;100242;590.65;100;10131465543;S
20240416;100242;590.8;40;10131465577;B
20240416;100242;590.85;60;10131465587;B
20240416;100242;590.85;173;10131465588;B
20240416;100242;590.9;7;10131465589;B
20240416;100242;590.9;4;10131465590;S
20240416;100243;590.95;3;10131465641;B
20240416;100243;590.95;1;10131465642;B
20240416;100243;590.95;11;10131465643;B
20240416;100243;590.9;1;10131465651;S
20240416;100243;590.95;50;10131465662;B
20240416;100243;590.9;5;10131465722;S
20240416;100243;590.9;100;10131465738;S
20240416;100244;590.95;30;10131465902;B
20240416;100244;590.95;283;10131465904;B
20240416;100244;590.95;17;10131465905;B
20240416;100244;590.9;1;10131465919;S
20240416;100245;590.9;46;10131466063;S
20240416;100245;590.9;6;10131466105;S
20240416;100246;590.9;4;10131466229;S
20240416;100246;590.95;153;10131466271;B
20240416;100246;590.95;374;10131466272;B
20240416;100246;590.95;98;10131466273;B
20240416;100246;590.95;75;10131466274;B
20240416;100246;591;6;10131466315;B
20240416;100246;590.95;5;10131466320;S
20240416;100247;591;3;10131466400;B
20240416;100248;591;3;10131466535;B
20240416;100248;591;24;10131466538;B
20240416;100248;590.95;20;10131466557;S
20240416;100248;591;1;10131466589;B
20240416;100248;591;50;10131466590;B
20240416;100248;591;2;10131466591;B
20240416;100248;591;5;10131466592;B
20240416;100248;591;1;10131466593;B
20240416;100248;591;5;10131466594;B
20240416;100248;591;1;10131466595;B
20240416;100248;591;9;10131466596;B
20240416;100248;591;1;10131466597;B
20240416;100248;591;20;10131466598;B
20240416;100248;591;27;10131466599;B
20240416;100248;591;60;10131466600;B
20240416;100248;591;2;10131466601;B
20240416;100248;591;60;10131466602;B
20240416;100248;591;5;10131466603;B
20240416;100248;591;1;10131466604;B
20240416;100248;591;1;10131466605;B
20240416;100248;591;1;10131466606;B
20240416;100248;591;2;10131466607;B
20240416;100248;591;3;10131466608;B
20240416;100248;591;40;10131466609;B
20240416;100248;591;72;10131466610;B
20240416;100248;591;130;10131466650;B
20240416;100248;590.95;1;10131466700;S
20240416;100248;591;138;10131466734;B
20240416;100248;591;10;10131466735;B
20240416;100248;591;2;10131466736;B
20240416;100248;591;10;10131466737;B
20240416;100248;591;2;10131466738;B
20240416;100248;591;3;10131466739;B
20240416;100248;591;335;10131466740;B
20240416;100249;590.95;50;10131466754;S
20240416;100249;591;1;10131466846;B
20240416;100249;591;54;10131466883;B
20240416;100249;591;2;10131466884;B
20240416;100249;591;3;10131466885;B
20240416;100249;591;5;10131466886;B
20240416;100249;591;8;10131466887;B
20240416;100249;591;1;10131466888;B
20240416;100249;591;6;10131466889;B
20240416;100249;591;28;10131466890;B
20240416;100249;591;1;10131466891;B
20240416;100249;591;13;10131466892;B
20240416;100249;591;43;10131466893;B
20240416;100249;591;3;10131466894;B
20240416;100249;591;3;10131466895;B
20240416;100249;591;10;10131466896;B
20240416;100249;591;3;10131466897;B
20240416;100249;591;50;10131466898;B
20240416;100249;591;7;10131466899;B
20240416;100249;591;1;10131466900;B
20240416;100249;591;1;10131466901;B
20240416;100249;591;10;10131466902;B
20240416;100249;591;50;10131466903;B
20240416;100249;591;5;10131466904;B
20240416;100249;591;2;10131466905;B
20240416;100249;591;60;10131466906;B
20240416;100249;591;50;10131466907;B
20240416;100249;591;81;10131466908;B
20240416;100249;590.95;1;10131466947;S
20240416;100249;591;1;10131466955;B
20240416;100249;591;1;10131466970;B
20240416;100249;591;1;10131466979;B
20240416;100249;590.95;1;10131466980;S
20240416;100250;591;66;10131467000;B
20240416;100250;591.05;1;10131467001;B
20240416;100250;591.05;1;10131467002;B
20240416;100250;591.05;76;10131467003;B
20240416;100250;591.05;76;10131467004;B
20240416;100250;591.05;25;10131467005;B
20240416;100250;591.05;51;10131467015;S
20240416;100250;591;3;10131467028;S
20240416;100250;591;19;10131467036;S
20240416;100250;591.1;1;10131467037;B
20240416;100250;591.1;200;10131467038;B
20240416;100250;591.1;299;10131467039;B
20240416;100250;591.05;5;10131467041;S
20240416;100250;591.05;6;10131467075;S
20240416;100250;591.05;1;10131467087;S
20240416;100250;591.1;2;10131467089;B
20240416;100250;591.05;1;10131467118;S
20240416;100250;591.1;483;10131467119;B
20240416;100250;591.05;1;10131467137;S
20240416;100251;591.1;17;10131467191;B
20240416;100251;591.1;449;10131467198;B
20240416;100251;591.1;5;10131467199;B
20240416;100251;591.1;10;10131467200;B
20240416;100251;591.1;10;10131467201;B
20240416;100251;591.1;2;10131467202;B
20240416;100251;591.15;5;10131467203;B
20240416;100251;591.15;1;10131467204;B
20240416;100251;591.15;99;10131467205;B
20240416;100251;591.2;1;10131467206;B
20240416;100251;591.2;5;10131467207;B
20240416;100251;591.2;1;10131467208;B
20240416;100251;591.25;1;10131467209;B
20240416;100251;591.25;10;10131467210;B
20240416;100251;591.25;1;10131467211;B
20240416;100251;591.25;1;10131467212;B
20240416;100251;591.3;1;10131467213;B
20240416;100251;591.3;1;10131467214;B
20240416;100251;591.3;1;10131467215;B
20240416;100251;591.3;69;10131467216;B
20240416;100251;591.2;10;10131467226;S
20240416;100251;591.2;163;10131467232;S
20240416;100251;591.15;170;10131467233;S
20240416;100251;591.1;21;10131467234;S
20240416;100251;591.2;1;10131467263;S
20240416;100251;591.3;2;10131467286;S
20240416;100251;591.2;20;10131467287;S
20240416;100251;591.2;7;10131467321;B
20240416;100251;591.3;50;10131467322;B
20240416;100251;591.35;1;10131467323;B
20240416;100251;591.35;10;10131467324;B
20240416;100251;591.35;132;10131467325;B
20240416;100252;591.4;2;10131467338;B
20240416;100252;591.1;10;10131467386;S
20240416;100252;591.3;1;10131467401;B
20240416;100252;591.4;10;10131467402;B
20240416;100252;591.4;1;10131467403;B
20240416;100252;591.4;1;10131467404;B
20240416;100252;591.4;1;10131467405;B
20240416;100252;591.4;1;10131467406;B
20240416;100252;591.4;13;10131467407;B
20240416;100252;591.4;17;10131467408;B
20240416;100252;591.4;4;10131467409;B
20240416;100252;591.4;1;10131467410;B
20240416;100252;591.4;21;10131467411;B
20240416;100252;591.4;30;10131467412;B
20240416;100252;591.45;103;10131467413;B
20240416;100252;591.45;1;10131467414;B
20240416;100252;591.45;5;10131467415;B
20240416;100252;591.45;1;10131467416;B
20240416;100252;591.45;99;10131467417;B
20240416;100252;591.4;1;10131467434;B
20240416;100252;591.5;1;10131467435;B
20240416;100252;591.5;1;10131467436;B
20240416;100252;591.5;1;10131467437;B
20240416;100252;591.5;1;10131467438;B
20240416;100252;591.5;20;10131467439;B
20240416;100252;591.5;5;10131467440;B
20240416;100252;591.5;3;10131467441;B
20240416;100252;591.55;1;10131467442;B
20240416;100252;591.55;1;10131467443;B
20240416;100252;591.55;10;10131467444;B
20240416;100252;591.55;1;10131467445;B
20240416;100252;591.55;1;10131467446;B
20240416;100252;591.55;126;10131467447;B
20240416;100252;591.3;58;10131467461;S
20240416;100252;591.3;173;10131467462;S
20240416;100252;591.25;2;10131467469;B
20240416;100252;591.25;6;10131467473;B
20240416;100252;591.05;22;10131467475;S
20240416;100252;591.25;20;10131467476;B
20240416;100252;591.25;142;10131467481;B
20240416;100252;591.25;173;10131467482;B
20240416;100252;591.25;58;10131467483;B
20240416;100252;591.3;52;10131467484;B
20240416;100253;591.25;1;10131467533;B
20240416;100253;591.05;2;10131467586;S
20240416;100253;591.25;106;10131467592;B
20240416;100253;591.05;1;10131467612;S
20240416;100254;591.25;10;10131467693;B
20240416;100254;591.3;30;10131467706;B
20240416;100255;591.25;1;10131468015;B
20240416;100256;591.3;5;10131468055;B
20240416;100256;591.1;86;10131468064;S
20240416;100256;591.15;1;10131468071;S
20240416;100256;591.3;1;10131468076;B
20240416;100256;591.3;500;10131468084;B
20240416;100256;591.3;1000;10131468127;B
20240416;100256;591.3;16;10131468193;B
20240416;100257;591.3;10;10131468234;B
20240416;100257;591.3;1;10131468326;B
20240416;100257;591.25;1;10131468361;S
20240416;100258;591.3;40;10131468392;B
20240416;100258;591.3;1;10131468438;B
20240416;100258;591.25;379;10131468457;S
20240416;100258;591.25;121;10131468458;S
20240416;100259;591.3;100;10131468572;B
20240416;100259;591.2;25;10131468601;S
20240416;100259;591.3;713;10131468644;B
20240416;100259;591.3;5;10131468645;B
20240416;100259;591.3;50;10131468646;B
20240416;100259;591.3;1;10131468647;B
20240416;100259;591.35;2;10131468648;B
20240416;100259;591.35;229;10131468649;B
20240416;100300;591.3;11;10131468805;S
20240416;100300;591.3;1;10131468809;S
20240416;100300;591.35;20;10131468824;B
20240416;100300;591.3;3;10131468845;S
20240416;100300;591.35;10;10131468927;B
20240416;100301;591.35;1;10131468980;B
20240416;100301;591.35;3;10131468998;B
20240416;100301;591.3;4;10131469000;S
20240416;100301;591.3;1;10131469005;S
20240416;100301;591.35;760;10131469008;B
20240416;100301;591.3;1;10131469016;S
20240416;100301;591.3;1;10131469024;S
20240416;100301;591.3;5;10131469049;S
20240416;100301;591.3;20;10131469069;S
20240416;100301;591.35;1;10131469130;B
20240416;100302;591.35;1;10131469151;B
20240416;100302;591.3;1;10131469163;S
20240416;100302;591.35;1;10131469182;B
20240416;100302;591.35;1;10131469198;B
20240416;100302;591.3;1;10131469200;S
20240416;100302;591.25;2;10131469274;S
20240416;100302;591.25;38;10131469305;S
20240416;100302;591.2;1;10131469421;S
20240416;100303;591.35;973;10131469468;B
20240416;100303;591.35;3;10131469469;B
20240416;100303;591.35;24;10131469470;B
20240416;100303;591.35;71;10131469471;B
20240416;100303;591.35;96;10131469472;B
20240416;100303;591.35;140;10131469473;B
20240416;100303;591.4;2;10131469474;B
20240416;100303;591.4;2;10131469475;B
20240416;100303;591.4;3;10131469476;B
20240416;100303;591.45;3;10131469477;B
20240416;100303;591.45;3;10131469478;B
20240416;100303;591.45;4;10131469479;B
20240416;100303;591.5;3;10131469480;B
20240416;100303;591.5;2;10131469481;B
20240416;100303;591.5;11;10131469482;B
20240416;100303;591.5;10;10131469483;B
20240416;100303;591.5;4;10131469484;B
20240416;100303;591.5;5;10131469485;B
20240416;100303;591.5;2;10131469486;B
20240416;100303;591.5;8;10131469487;B
20240416;100303;591.55;3;10131469488;B
20240416;100303;591.55;1;10131469489;B
20240416;100303;591.55;5;10131469490;B
20240416;100303;591.6;1;10131469491;B
20240416;100303;591.6;1;10131469492;B
20240416;100303;591.6;4;10131469493;B
20240416;100303;591.6;1;10131469494;B
20240416;100303;591.6;115;10131469495;B
20240416;100303;591.3;2;10131469496;B
20240416;100303;591.55;4;10131469511;B
20240416;100303;591.55;3;10131469514;B
20240416;100303;591.55;2;10131469515;B
20240416;100303;591.6;2;10131469516;B
20240416;100303;591.6;3;10131469517;B
20240416;100303;591.65;4;10131469518;B
20240416;100303;591.65;1;10131469519;B
20240416;100303;591.65;3;10131469520;B
20240416;100303;591.65;8;10131469521;B
20240416;100303;591.65;45;10131469522;B
20240416;100303;591.45;3;10131469574;S
20240416;100303;591.45;1;10131469576;S
20240416;100304;591.6;1;10131469662;B
20240416;100304;591.65;29;10131469663;B
20240416;100304;591.65;1;10131469664;B
20240416;100304;591.65;3;10131469665;B
20240416;100304;591.65;50;10131469666;B
20240416;100304;591.7;166;10131469667;B
20240416;100304;591.45;50;10131469690;S
20240416;100304;591.45;1;10131469715;S
20240416;100304;591.45;3;10131469716;S
20240416;100304;591.45;5;10131469721;S
20240416;100304;591.4;1;10131469722;S
20240416;100304;591.35;14;10131469723;S
20240416;100304;591.65;1;10131469724;B
20240416;100304;591.65;3;10131469725;B
20240416;100304;591.7;6;10131469726;B
20240416;100304;591.65;51;10131469768;B
20240416;100304;591.7;199;10131469769;B
20240416;100304;591.5;55;10131469863;S
20240416;100304;591.45;173;10131469864;S
20240416;100304;591.35;82;10131469865;S
20240416;100304;591.35;170;10131469866;S
20240416;100304;591.3;220;10131469867;S
20240416;100305;591.45;1;10131469922;S
20240416;100305;591.45;100;10131470053;S
20240416;100306;591.4;380;10131470172;S
20240416;100306;591.35;55;10131470173;S
20240416;100306;591.35;96;10131470174;S
20240416;100306;591.35;173;10131470175;S
20240416;100306;591.3;203;10131470176;S
20240416;100306;591.25;203;10131470177;S
20240416;100306;591.25;100;10131470178;S
20240416;100306;591.2;203;10131470179;S
20240416;100306;591.2;87;10131470180;S
20240416;100307;591.25;5;10131470246;S
20240416;100307;591.25;2;10131470274;B
20240416;100307;591.2;1;10131470311;S
20240416;100307;591.25;53;10131470312;B
20240416;100307;591.4;57;10131470313;B
20240416;100307;591.45;173;10131470314;B
20240416;100307;591.45;95;10131470315;B
20240416;100307;591.6;1;10131470316;B
20240416;100307;591.6;170;10131470317;B
20240416;100307;591.6;380;10131470318;B
20240416;100307;591.6;374;10131470319;B
20240416;100307;591.65;97;10131470320;B
20240416;100307;591.25;1;10131470337;S
20240416;100307;591.25;30;10131470342;S
20240416;100307;591.2;228;10131470383;S
20240416;100307;591.2;203;10131470384;S
20240416;100307;591.2;69;10131470385;S
20240416;100309;591.3;1;10131470694;B
20240416;100309;591.3;1;10131470697;B
20240416;100310;591.3;10;10131470760;B
20240416;100310;591.25;1;10131470806;S
20240416;100310;591.15;1;10131470807;S
20240416;100310;591.2;8;10131470835;B
20240416;100311;591.2;5;10131470881;B
20240416;100311;591.2;10;10131470885;B
20240416;100311;591.2;147;10131470906;B
20240416;100311;591.2;173;10131470907;B
20240416;100311;591.2;1980;10131470908;B
20240416;100311;591.25;93;10131470969;B
20240416;100311;591.25;170;10131470970;B
20240416;100311;591.25;374;10131470971;B
20240416;100311;591.3;150;10131471003;B
20240416;100312;591.3;2;10131471050;B
20240416;100312;591.25;5;10131471106;S
20240416;100312;591.3;119;10131471116;B
20240416;100312;591.25;170;10131471190;B
20240416;100312;591.3;2;10131471191;B
20240416;100313;591.2;1;10131471269;S
20240416;100314;591.15;80;10131471488;S
20240416;100314;591.2;23;10131471646;B
20240416;100315;591.2;1;10131471687;B
20240416;100315;591.2;85;10131471767;B
20240416;100316;591.2;1;10131471840;B
20240416;100316;591.25;70;10131471841;B
20240416;100316;591.25;29;10131471842;B
20240416;100316;591.25;2;10131471934;B
20240416;100316;591.25;18;10131471954;B
20240416;100316;591.3;2;10131471955;B
20240416;100317;591.25;14;10131472086;B
20240416;100317;591.25;15;10131472092;B
20240416;100318;591.2;380;10131472162;S
20240416;100318;591.15;2;10131472163;S
20240416;100318;591.15;41;10131472164;S
20240416;100318;591.25;1;10131472260;B
20240416;100319;591.2;50;10131472333;S
20240416;100319;591.1;10;10131472334;S
20240416;100319;591.1;10;10131472335;S
20240416;100319;591.1;10;10131472336;S
20240416;100319;591.1;120;10131472337;S
20240416;100320;591.15;1;10131472675;B
20240416;100320;591.15;1;10131472676;B
20240416;100320;591.2;32;10131472677;B
20240416;100321;591.2;2;10131472696;B
20240416;100321;591.2;1;10131472776;B
20240416;100322;591.2;169;10131472886;B
20240416;100322;591.2;374;10131472887;B
20240416;100322;591.2;218;10131472888;B
20240416;100322;591.15;15;10131472918;S
20240416;100322;591.2;3;10131472991;B
20240416;100322;591.2;25;10131472992;B
20240416;100322;591.25;20;10131472993;B
20240416;100322;591.25;2;10131472994;B
20240416;100323;591.25;1;10131473032;B
20240416;100323;591.2;2;10131473081;S
20240416;100323;591.2;168;10131473086;S
20240416;100323;591.2;91;10131473087;S
20240416;100323;591.15;215;10131473088;S
20240416;100323;591.15;1;10131473099;S
20240416;100324;591.15;20;10131473129;S
20240416;100325;591.2;10;10131473262;B
20240416;100325;591.2;190;10131473347;B
20240416;100325;591.25;4;10131473348;B
20240416;100325;591.25;91;10131473349;B
20240416;100325;591.25;170;10131473350;B
20240416;100325;591.25;173;10131473351;B
20240416;100325;591.3;155;10131473352;B
20240416;100325;591.15;10;10131473369;S
20240416;100326;591.2;10;10131473497;S
20240416;100326;591.3;100;10131473500;B
20240416;100327;591.3;670;10131473655;B
20240416;100327;591.3;60;10131473656;B
20240416;100327;591.3;4;10131473657;B
20240416;100327;591.3;266;10131473658;B
20240416;100327;591.3;10;10131473672;S
20240416;100328;591.35;1;10131473749;B
20240416;100328;591.35;50;10131473885;B
20240416;100329;591.35;1;10131473965;S
20240416;100329;591.4;1;10131473971;B
20240416;100329;591.4;2;10131473984;B
20240416;100330;591.4;1;10131474107;S
20240416;100330;591.45;9;10131474122;B
20240416;100330;591.45;70;10131474183;B
20240416;100331;591.4;90;10131474208;S
20240416;100331;591.4;170;10131474209;S
20240416;100331;591.4;380;10131474210;S
20240416;100331;591.4;173;10131474211;S
20240416;100331;591.3;100;10131474212;S
20240416;100331;591.3;22;10131474213;S
20240416;100331;591.3;203;10131474214;S
20240416;100331;591.25;203;10131474215;S
20240416;100331;591.2;1;10131474220;S
20240416;100331;591.25;10;10131474276;B
20240416;100331;591.25;649;10131474277;B
20240416;100331;591.4;170;10131474281;S
20240416;100331;591.4;173;10131474282;S
20240416;100331;591.35;91;10131474283;S
20240416;100331;591.3;380;10131474284;S
20240416;100331;591.25;374;10131474285;S
20240416;100331;591.25;203;10131474286;S
20240416;100331;591.45;174;10131474303;B
20240416;100331;591.3;12;10131474316;S
20240416;100331;591.3;161;10131474343;S
20240416;100331;591.25;374;10131474344;S
20240416;100331;591.25;91;10131474345;S
20240416;100331;591.25;170;10131474346;S
20240416;100331;591.25;100;10131474347;S
20240416;100331;591.2;104;10131474348;S
20240416;100332;591.4;58;10131474411;B
20240416;100332;591.4;100;10131474453;S
20240416;100333;591.45;247;10131474508;B
20240416;100333;591.45;90;10131474509;B
20240416;100333;591.5;200;10131474510;B
20240416;100333;591.5;1;10131474511;B
20240416;100333;591.5;30;10131474512;B
20240416;100333;591.5;34;10131474513;B
20240416;100334;591.35;30;10131474690;S
20240416;100334;591.35;7;10131474735;S
20240416;100335;591.45;1;10131474832;S
20240416;100335;591.4;89;10131474833;S
20240416;100335;591.5;1;10131474902;B
20240416;100335;591.5;10;10131474934;B
20240416;100335;591.5;55;10131474956;B
20240416;100335;591.5;26;10131474957;B
20240416;100335;591.5;89;10131474958;B
20240416;100337;591.55;338;10131475164;B
20240416;100337;591.6;2;10131475265;B
20240416;100337;591.6;30;10131475266;B
20240416;100337;591.65;1;10131475267;B
20240416;100337;591.65;25;10131475268;B
20240416;100337;591.65;742;10131475269;B
20240416;100339;591.55;170;10131475405;S
20240416;100339;591.5;89;10131475406;S
20240416;100339;591.5;173;10131475407;S
20240416;100339;591.5;50;10131475408;S
20240416;100339;591.45;18;10131475409;S
20240416;100339;591.5;5;10131475524;S
20240416;100340;591.65;1;10131475538;B
20240416;100340;591.65;100;10131475605;B
20240416;100341;591.5;1;10131475671;S
20240416;100342;591.65;17;10131475911;B
