<DATE>;<TIME>;<LAST>;<VOL>;<ID>;<OPER>
20240215;095950;590.000000000;5;9600579063;S
20240215;095950;590.000000000;3;9600579064;S
20240215;095950;590.000000000;1;9600579065;S
20240215;095950;590.000000000;1;9600579066;B
20240215;095950;590.000000000;144;9600579067;B
20240215;095950;590.000000000;8;9600579068;B
20240215;095950;590.000000000;8;9600579069;B
20240215;095950;590.000000000;1;9600579070;B
20240215;095950;590.000000000;18;9600579071;S
20240215;095950;590.000000000;2;9600579072;S
20240215;095950;590.000000000;4;9600579073;S
20240215;095950;590.000000000;3;9600579074;S
20240215;095950;590.000000000;30;9600579075;S
20240215;095950;590.000000000;14;9600579076;S
20240215;095950;590.000000000;18;9600579077;S
20240215;095950;590.000000000;1;9600579078;S
20240215;095950;590.000000000;1;9600579079;S
20240215;095950;590.000000000;1;9600579080;S
20240215;095950;590.000000000;10;9600579081;S
20240215;095950;590.000000000;1;9600579082;S
20240215;095950;590.000000000;4;9600579083;S
20240215;095950;590.000000000;10;9600579084;S
20240215;095950;590.000000000;1;9600579085;B
20240215;095950;590.000000000;1;9600579086;B
20240215;095950;590.000000000;1;9600579087;B
20240215;095950;590.000000000;1;9600579088;B
20240215;095950;590.000000000;2;9600579089;B
20240215;095950;590.000000000;1;9600579090;B
20240215;095950;590.000000000;16;9600579091;B
20240215;095950;590.000000000;1;9600579092;B
20240215;095950;590.000000000;8;9600579093;B
20240215;095950;590.000000000;1;9600579094;B
20240215;095950;590.000000000;11;9600579095;B
20240215;095950;590.000000000;1;9600579096;B
20240215;095950;590.000000000;5;9600579097;B
20240215;095950;590.000000000;1;9600579098;B
20240215;095950;590.000000000;1;9600579099;B
20240215;095950;590.000000000;1;9600579100;B
20240215;095950;590.000000000;160;9600579101;S
20240215;095950;590.000000000;21;9600579102;S
20240215;095950;590.000000000;3;9600579103;S
20240215;095950;590.000000000;3;9600579104;S
20240215;095950;590.000000000;15;9600579105;S
20240215;095950;590.000000000;1;9600579106;S
20240215;095950;590.000000000;2;9600579107;S
20240215;095950;590.000000000;10;9600579108;S
20240215;095950;590.000000000;10;9600579109;S
20240215;095950;590.000000000;1;9600579110;B
20240215;095950;590.000000000;1;9600579111;S
20240215;095950;590.000000000;2;9600579112;S
20240215;095950;590.000000000;3;9600579113;S
20240215;095950;590.000000000;5;9600579114;S
20240215;095950;590.000000000;1000;9600579115;S
20240215;095950;590.000000000;3;9600579116;B
20240215;095950;590.000000000;50;9600579117;B
20240215;095950;590.000000000;3;9600579118;B
20240215;095950;590.000000000;3;9600579119;B
20240215;095950;590.000000000;1;9600579120;S
20240215;095950;590.000000000;67;9600579121;S
20240215;095950;590.000000000;4;9600579122;S
20240215;095950;590.000000000;31;9600579123;S
20240215;095950;590.000000000;1;9600579124;S
20240215;095950;590.000000000;7;9600579125;S
20240215;095950;590.000000000;1;9600579126;S
20240215;095950;590.000000000;3;9600579127;S
20240215;095950;590.000000000;5;9600579128;S
20240215;095950;590.000000000;2;9600579129;S
20240215;095950;590.000000000;2;9600579130;S
20240215;095950;590.000000000;3;9600579131;S
20240215;095950;590.000000000;1;9600579132;S
20240215;095950;590.000000000;5;9600579133;S
20240215;095950;590.000000000;1;9600579134;S
20240215;095950;590.000000000;1;9600579135;S
20240215;095950;590.000000000;2;9600579136;S
20240215;095950;590.000000000;1;9600579137;S
20240215;095950;590.000000000;3;9600579138;S
20240215;095950;590.000000000;2;9600579139;S
20240215;095950;590.000000000;1;9600579140;S
20240215;095950;590.000000000;2;9600579141;S
20240215;095950;590.000000000;1;9600579142;S
20240215;095950;590.000000000;2;9600579143;S
20240215;095950;590.000000000;2;9600579144;S
20240215;095950;590.000000000;2;9600579145;S
20240215;095950;590.000000000;2;9600579146;S
20240215;095950;590.000000000;2;9600579147;S
20240215;095950;590.000000000;2;9600579148;S
20240215;095950;590.000000000;1;9600579149;S
20240215;095950;590.000000000;1;9600579150;S
20240215;095950;590.000000000;3;9600579151;S
20240215;095950;590.000000000;3;9600579152;S
20240215;095950;590.000000000;1;9600579153;S
20240215;095950;590.000000000;2;9600579154;S
20240215;095950;590.000000000;1;9600579155;S
20240215;095950;590.000000000;3;9600579156;S
20240215;095950;590.000000000;2;9600579157;S
20240215;095950;590.000000000;8;9600579158;S
20240215;095950;590.000000000;2;9600579159;S
20240215;095950;590.000000000;1;9600579160;S
20240215;095950;590.000000000;2;9600579161;S
20240215;095950;590.000000000;3;9600579162;S
20240215;095950;590.000000000;3;9600579163;S
20240215;095950;590.000000000;1;9600579164;S
20240215;095950;590.000000000;1;9600579165;S
20240215;095950;590.000000000;1;9600579166;S
20240215;095950;590.000000000;5;9600579167;S
20240215;095950;590.000000000;1;9600579168;S
20240215;095950;590.000000000;4;9600579169;S
20240215;095950;590.000000000;1;9600579170;S
20240215;095950;590.000000000;1;9600579171;S
20240215;095950;590.000000000;1;9600579172;S
20240215;095950;590.000000000;1;9600579173;S
20240215;095950;590.000000000;1;9600579174;S
20240215;095950;590.000000000;3;9600579175;S
20240215;095950;590.000000000;3;9600579176;S
20240215;095950;590.000000000;1;9600579177;S
20240215;095950;590.000000000;3;9600579178;S
20240215;095950;590.000000000;15;9600579179;S
20240215;095950;590.000000000;9;9600579180;S
20240215;095950;590.000000000;1;9600579181;S
20240215;095950;590.000000000;2;9600579182;S
20240215;095950;590.000000000;1;9600579183;B
20240215;095950;590.000000000;2;9600579184;B
20240215;095950;590.000000000;3;9600579185;B
20240215;095950;590.000000000;4;9600579186;B
20240215;095950;590.000000000;2;9600579187;B
20240215;095950;590.000000000;3;9600579188;B
20240215;095950;590.000000000;3;9600579189;B
20240215;095950;590.000000000;2;9600579190;B
20240215;095950;590.000000000;3;9600579191;B
20240215;095950;590.000000000;3;9600579192;B
20240215;095950;590.000000000;8;9600579193;B
20240215;095950;590.000000000;4;9600579194;B
20240215;095950;590.000000000;3;9600579195;B
20240215;095950;590.000000000;2;9600579196;S
20240215;095950;590.000000000;2;9600579197;S
20240215;095950;590.000000000;1;9600579198;S
20240215;095950;590.000000000;16;9600579199;S
20240215;095950;590.000000000;2;9600579200;S
20240215;095950;590.000000000;5;9600579201;B
20240215;095950;590.000000000;85;9600579202;S
20240215;095950;590.000000000;1;9600579203;S
20240215;095950;590.000000000;2;9600579204;S
20240215;095950;590.000000000;11;9600579205;B
20240215;095950;590.000000000;150;9600579206;B
20240215;095950;590.000000000;12;9600579207;S
20240215;095950;590.000000000;5;9600579208;B
20240215;095950;590.000000000;1;9600579209;B
20240215;095950;590.000000000;55;9600579210;S
20240215;095950;590.000000000;2;9600579211;S
20240215;095950;590.000000000;10;9600579212;S
20240215;095950;590.000000000;100;9600579213;S
20240215;095950;590.000000000;5;9600579214;S
20240215;095950;590.000000000;1;9600579215;S
20240215;095950;590.000000000;2;9600579216;B
20240215;095950;590.000000000;70;9600579217;B
20240215;095950;590.000000000;7;9600579218;S
20240215;095950;590.000000000;2;9600579219;S
20240215;095950;590.000000000;3;9600579220;S
20240215;095950;590.000000000;1;9600579221;S
20240215;095950;590.000000000;1;9600579222;S
20240215;095950;590.000000000;1;9600579223;S
20240215;095950;590.000000000;1;9600579224;S
20240215;095950;590.000000000;2;9600579225;S
20240215;095950;590.000000000;1;9600579226;S
20240215;095950;590.000000000;1;9600579227;S
20240215;095950;590.000000000;2;9600579228;S
20240215;095950;590.000000000;2;9600579229;S
20240215;095950;590.000000000;2;9600579230;S
20240215;095950;590.000000000;1;9600579231;S
20240215;095950;590.000000000;4;9600579232;S
20240215;095950;590.000000000;2;9600579233;S
20240215;095950;590.000000000;1;9600579234;S
20240215;095950;590.000000000;1;9600579235;S
20240215;095950;590.000000000;1;9600579236;S
20240215;095950;590.000000000;1;9600579237;S
20240215;095950;590.000000000;9;9600579238;S
20240215;095950;590.000000000;1;9600579239;S
20240215;095950;590.000000000;40;9600579240;S
20240215;095950;590.000000000;1;9600579241;S
20240215;095950;590.000000000;2;9600579242;S
20240215;095950;590.000000000;16;9600579243;S
20240215;095950;590.000000000;1;9600579244;S
20240215;095950;590.000000000;10;9600579245;S
20240215;095950;590.000000000;4;9600579246;S
20240215;095950;590.000000000;1;9600579247;S
20240215;095950;590.000000000;3;9600579248;S
20240215;095950;590.000000000;2;9600579249;S
20240215;095950;590.000000000;15;9600579250;S
20240215;095950;590.000000000;30;9600579251;S
20240215;095950;590.000000000;419;9600579252;S
20240215;095950;590.000000000;6;9600579253;S
20240215;095950;590.000000000;2;9600579254;S
20240215;095950;590.000000000;73;9600579255;S
20240215;095950;590.000000000;2;9600579256;S
20240215;095950;590.000000000;1;9600579257;S
20240215;095950;590.000000000;2;9600579258;S
20240215;095950;590.000000000;1;9600579259;S
20240215;095950;590.000000000;26;9600579260;S
20240215;095950;590.000000000;1;9600579261;S
20240215;095950;590.000000000;1;9600579262;S
20240215;095950;590.000000000;200;9600579263;S
20240215;095950;590.000000000;5;9600579264;S
20240215;095950;590.000000000;1;9600579265;S
20240215;095950;590.000000000;3;9600579266;S
20240215;095950;590.000000000;5;9600579267;S
20240215;095950;590.000000000;134;9600579268;S
20240215;095950;590.000000000;1;9600579269;S
20240215;095950;590.000000000;1;9600579270;S
20240215;095950;590.000000000;2;9600579271;S
20240215;095950;590.000000000;2;9600579272;S
20240215;095950;590.000000000;36;9600579273;S
20240215;095950;590.000000000;103;9600579274;S
20240215;095950;590.000000000;47;9600579275;S
20240215;095950;590.000000000;3;9600579276;S
20240215;095950;590.000000000;3;9600579277;S
20240215;095950;590.000000000;3;9600579278;S
20240215;095950;590.000000000;18;9600579279;S
20240215;095950;590.000000000;1;9600579280;B
20240215;095950;590.000000000;2;9600579281;S
20240215;095950;590.000000000;10;9600579282;S
20240215;095950;590.000000000;2;9600579283;S
20240215;095950;590.000000000;15;9600579284;S
20240215;095950;590.000000000;2;9600579285;S
20240215;095950;590.000000000;1;9600579286;S
20240215;095950;590.000000000;10;9600579287;S
20240215;095950;590.000000000;1;9600579288;S
20240215;095950;590.000000000;2;9600579289;S
20240215;095950;590.000000000;3;9600579290;S
20240215;095950;590.000000000;5;9600579291;S
20240215;095950;590.000000000;1;9600579292;S
20240215;095950;590.000000000;1;9600579293;S
20240215;095950;590.000000000;4;9600579294;S
20240215;095950;590.000000000;10;9600579295;S
20240215;095950;590.000000000;3;9600579296;S
20240215;095950;590.000000000;2;9600579297;S
20240215;095950;590.000000000;4;9600579298;S
20240215;095950;590.000000000;5;9600579299;S
20240215;095950;590.000000000;2;9600579300;S
20240215;095950;590.000000000;1;9600579301;S
20240215;095950;590.000000000;1;9600579302;S
20240215;095950;590.000000000;20;9600579303;S
20240215;095950;590.000000000;2;9600579304;S
20240215;095950;590.000000000;2;9600579305;S
20240215;095950;590.000000000;1;9600579306;S
20240215;095950;590.000000000;1;9600579307;S
20240215;095950;590.000000000;100;9600579308;S
20240215;095950;590.000000000;3;9600579309;S
20240215;095950;590.000000000;3;9600579310;S
20240215;095950;590.000000000;1;9600579311;S
20240215;095950;590.000000000;2;9600579312;S
20240215;095950;590.000000000;26;9600579313;S
20240215;095950;590.000000000;1;9600579314;S
20240215;095950;590.000000000;10;9600579315;S
20240215;095950;590.000000000;2;9600579316;S
20240215;095950;590.000000000;2;9600579317;S
20240215;095950;590.000000000;1;9600579318;S
20240215;095950;590.000000000;6;9600579319;S
20240215;095950;590.000000000;2;9600579320;S
20240215;095950;590.000000000;1;9600579321;S
20240215;095950;590.000000000;2;9600579322;S
20240215;095950;590.000000000;25;9600579323;S
20240215;095950;590.000000000;75;9600579324;S
20240215;095950;590.000000000;2;9600579325;S
20240215;095950;590.000000000;10;9600579326;S
20240215;095950;590.000000000;15;9600579327;B
20240215;095950;590.000000000;1;9600579328;B
20240215;095950;590.000000000;11;9600579329;B
20240215;095950;590.000000000;86;9600579330;B
20240215;095950;590.000000000;243;9600579331;S
20240215;095950;590.000000000;2;9600579332;S
20240215;095950;590.000000000;2;9600579333;S
20240215;095950;590.000000000;103;9600579334;S
20240215;095950;590.000000000;1;9600579335;B
20240215;095950;590.000000000;1;9600579336;B
20240215;095950;590.000000000;75;9600579337;S
20240215;095950;590.000000000;1;9600579338;B
20240215;095950;590.000000000;1;9600579339;B
20240215;095950;590.000000000;5;9600579340;B
20240215;095950;590.000000000;35;9600579341;B
20240215;095950;590.000000000;10;9600579342;B
20240215;095950;590.000000000;1;9600579343;B
20240215;095950;590.000000000;2;9600579344;B
20240215;095950;590.000000000;10;9600579345;B
20240215;095950;590.000000000;1;9600579346;B
20240215;095950;590.000000000;7;9600579347;B
20240215;095950;590.000000000;4;9600579348;B
20240215;095950;590.000000000;1448;9600579349;B
20240215;095950;590.000000000;52;9600579350;B
20240215;095950;590.000000000;1;9600579351;B
20240215;095950;590.000000000;1;9600579352;B
20240215;095950;590.000000000;1;9600579353;B
20240215;095950;590.000000000;4;9600579354;B
20240215;095950;590.000000000;3;9600579355;S
20240215;095950;590.000000000;1;9600579356;S
20240215;095950;590.000000000;3;9600579357;S
20240215;095950;590.000000000;10;9600579358;S
20240215;095950;590.000000000;1;9600579359;S
20240215;095950;590.000000000;39;9600579360;S
20240215;095950;590.000000000;10;9600579361;S
20240215;095950;590.000000000;2;9600579362;S
20240215;095950;590.000000000;25;9600579363;S
20240215;095950;590.000000000;6;9600579364;S
20240215;095950;590.000000000;1;9600579365;S
20240215;095950;590.000000000;1;9600579366;S
20240215;095950;590.000000000;200;9600579367;S
20240215;095950;590.000000000;170;9600579368;S
20240215;095950;590.000000000;1;9600579369;S
20240215;095950;590.000000000;2;9600579370;S
20240215;095950;590.000000000;3;9600579371;S
20240215;095950;590.000000000;1;9600579372;S
20240215;095950;590.000000000;2;9600579373;S
20240215;095950;590.000000000;1;9600579374;S
20240215;095950;590.000000000;10;9600579375;S
20240215;095950;590.000000000;20;9600579376;S
20240215;095950;590.000000000;2;9600579377;S
20240215;095950;590.000000000;1;9600579378;S
20240215;095950;590.000000000;3;9600579379;S
20240215;095950;590.000000000;70;9600579380;S
20240215;095950;590.000000000;1;9600579381;S
20240215;095950;590.000000000;1;9600579382;S
20240215;095950;590.000000000;10;9600579383;S
20240215;095950;590.000000000;1;9600579384;S
20240215;095950;590.000000000;1;9600579385;S
20240215;095950;590.000000000;100;9600579386;S
20240215;095950;590.000000000;179;9600579387;S
20240215;095950;590.000000000;1;9600579388;S
20240215;095950;590.000000000;1;9600579389;S
20240215;095950;590.000000000;80;9600579390;S
20240215;095950;590.000000000;5;9600579391;B
20240215;095950;590.000000000;2;9600579392;B
20240215;095950;590.000000000;10;9600579393;B
20240215;095950;590.000000000;100;9600579394;B
20240215;095950;590.000000000;100;9600579395;B
20240215;095950;590.000000000;300;9600579396;B
20240215;100000;590.000000000;135;9600581814;B
20240215;100000;590.000000000;135;9600581816;B
20240215;100000;590.000000000;191;9600581817;B
20240215;100000;590.000000000;3;9600581818;B
20240215;100000;590.000000000;200;9600581838;S
20240215;100000;590.000000000;29;9600581840;S
20240215;100000;589.950000000;10;9600581841;S
20240215;100000;589.950000000;50;9600581842;S
20240215;100000;589.950000000;11;9600581843;S
20240215;100000;590.000000000;47;9600581907;B
20240215;100000;589.950000000;100;9600581909;S
20240215;100000;590.050000000;1;9600581917;B
20240215;100000;590.050000000;1;9600581918;B
20240215;100000;590.050000000;1;9600581919;B
20240215;100000;590.050000000;100;9600581920;B
20240215;100000;590.050000000;2;9600581921;B
20240215;100000;590.050000000;1;9600581922;B
20240215;100000;590.050000000;2;9600581923;B
20240215;100000;590.050000000;1;9600581924;B
20240215;100000;590.050000000;33;9600581925;B
20240215;100000;590.050000000;2;9600581926;B
20240215;100000;590.050000000;2;9600581927;B
20240215;100000;590.050000000;3;9600581928;B
20240215;100000;590.050000000;3;9600581929;B
20240215;100000;590.050000000;82;9600581930;B
20240215;100000;590.050000000;68;9600581931;B
20240215;100000;590.050000000;2;9600581932;B
20240215;100000;590.050000000;1;9600581933;B
20240215;100000;590.050000000;87;9600581934;B
20240215;100000;590.050000000;2;9600581935;B
20240215;100000;590.050000000;1;9600581936;B
20240215;100000;590.050000000;1;9600581937;B
20240215;100000;590.050000000;4;9600581938;B
20240215;100000;590.050000000;2;9600581939;B
20240215;100000;590.050000000;200;9600581940;B
20240215;100000;590.000000000;42;9600581951;S
20240215;100000;589.950000000;24;9600581952;S
20240215;100000;589.950000000;34;9600581955;B
20240215;100000;589.950000000;35;9600581956;B
20240215;100000;589.950000000;65;9600581957;B
20240215;100000;589.950000000;100;9600582005;B
20240215;100000;590.000000000;35;9600582006;B
20240215;100000;590.000000000;3;9600582010;B
20240215;100000;590.000000000;3;9600582011;B
20240215;100000;590.000000000;59;9600582039;B
20240215;100000;590.000000000;59;9600582040;B
20240215;100000;590.000000000;4;9600582041;B
20240215;100000;590.000000000;36;9600582042;B
20240215;100000;590.000000000;1;9600582043;B
20240215;100000;590.000000000;59;9600582046;B
20240215;100000;590.000000000;41;9600582048;B
20240215;100000;589.900000000;4;9600582108;B
20240215;100000;589.900000000;8;9600582109;B
20240215;100000;589.900000000;188;9600582110;B
20240215;100000;589.900000000;12;9600582111;B
20240215;100000;589.900000000;188;9600582112;B
20240215;100000;589.900000000;100;9600582126;B
20240215;100000;589.850000000;106;9600582215;S
20240215;100000;589.850000000;6;9600582266;S
20240215;100000;589.900000000;1;9600582352;B
20240215;100000;590.000000000;500;9600582353;B
20240215;100000;590.000000000;4;9600582354;B
20240215;100000;590.100000000;3;9600582392;B
20240215;100000;590.150000000;5;9600582412;B
20240215;100000;590.150000000;2;9600582413;B
20240215;100000;590.150000000;1;9600582414;B
20240215;100000;590.150000000;1;9600582415;B
20240215;100000;590.150000000;60;9600582416;B
20240215;100000;590.150000000;2;9600582417;B
20240215;100000;590.150000000;17;9600582418;B
20240215;100000;590.200000000;1;9600582493;B
20240215;100001;590.150000000;28;9600582651;B
20240215;100001;590.150000000;14;9600582696;B
20240215;100001;590.000000000;6;9600582777;S
20240215;100001;590.150000000;17;9600582781;B
20240215;100001;590.150000000;241;9600583265;B
20240215;100001;590.200000000;1;9600583292;B
20240215;100001;590.200000000;146;9600583293;B
20240215;100001;590.250000000;1;9600583314;B
20240215;100001;590.250000000;27;9600583315;B
20240215;100001;590.450000000;200;9600583872;B
20240215;100001;590.500000000;3;9600583881;B
20240215;100001;590.500000000;11;9600583882;B
20240215;100001;590.500000000;14;9600583883;B
20240215;100001;590.500000000;14;9600583884;B
20240215;100001;590.500000000;14;9600583885;B
20240215;100002;590.550000000;63;9600583895;B
20240215;100002;590.550000000;200;9600583896;B
20240215;100002;590.550000000;128;9600583897;B
20240215;100002;590.450000000;423;9600583917;S
20240215;100002;590.200000000;2;9600584161;S
20240215;100002;590.200000000;7;9600585024;S
20240215;100002;590.450000000;3;9600585122;B
20240215;100003;590.200000000;26;9600585476;S
20240215;100004;590.450000000;500;9600586254;B
20240215;100005;590.450000000;1;9600586850;B
20240215;100005;590.450000000;1;9600586942;B
20240215;100005;590.450000000;2;9600587134;B
20240215;100005;590.450000000;2;9600587225;B
20240215;100005;590.450000000;1;9600587294;B
20240215;100005;590.450000000;1;9600587298;B
20240215;100005;590.450000000;1;9600587299;B
20240215;100005;590.450000000;4;9600587301;B
20240215;100005;590.450000000;1;9600587303;B
20240215;100005;590.450000000;1;9600587304;B
20240215;100005;590.450000000;2;9600587309;B
20240215;100005;590.450000000;14;9600587310;B
20240215;100005;590.650000000;155;9600587311;B
20240215;100005;590.650000000;21;9600587315;B
20240215;100005;590.250000000;4;9600587320;S
20240215;100005;590.250000000;2;9600587326;S
20240215;100005;590.450000000;1;9600587332;B
20240215;100005;590.650000000;10;9600587334;B
20240215;100005;590.250000000;2;9600587336;S
20240215;100005;590.650000000;1;9600587337;B
20240215;100005;590.250000000;2;9600587341;S
20240215;100005;590.650000000;2;9600587343;B
20240215;100005;590.650000000;2;9600587350;B
20240215;100005;590.650000000;1;9600587416;B
20240215;100005;590.650000000;3;9600587417;B
20240215;100005;590.250000000;4;9600587419;S
20240215;100005;590.450000000;2;9600587422;B
20240215;100005;590.700000000;2;9600587425;B
20240215;100005;590.650000000;1;9600587484;B
20240215;100005;590.650000000;1;9600587494;B
20240215;100005;590.650000000;1;9600587530;B
20240215;100005;590.650000000;16;9600587564;B
20240215;100005;590.650000000;5;9600587638;B
20240215;100005;590.650000000;1;9600587686;B
20240215;100005;590.650000000;2;9600587710;B
20240215;100005;590.650000000;1;9600587730;B
20240215;100005;590.650000000;1;9600587807;B
20240215;100005;590.650000000;2;9600587867;B
20240215;100005;590.600000000;2;9600587894;B
20240215;100005;590.250000000;2;9600587897;S
20240215;100005;590.600000000;2;9600587905;B
20240215;100005;590.250000000;2;9600587922;S
20240215;100005;590.550000000;300;9600587924;B
20240215;100005;590.550000000;6;9600587927;B
20240215;100005;590.250000000;2;9600587929;S
20240215;100005;590.600000000;1;9600587938;B
20240215;100005;590.600000000;1;9600587949;B
20240215;100005;590.600000000;1;9600587950;B
20240215;100005;590.600000000;1;9600587953;B
20240215;100006;590.600000000;2;9600587960;B
20240215;100006;590.600000000;2;9600587970;B
20240215;100006;590.600000000;20;9600587971;B
20240215;100006;590.250000000;2;9600587974;S
20240215;100006;590.250000000;1;9600587980;S
20240215;100006;590.600000000;1;9600587986;B
20240215;100006;590.600000000;1;9600587992;B
20240215;100006;590.250000000;1;9600587996;S
20240215;100006;590.600000000;2;9600588006;B
20240215;100006;590.250000000;1;9600588007;S
20240215;100006;590.600000000;2;9600588011;B
20240215;100006;590.600000000;1;9600588091;B
20240215;100006;590.600000000;3;9600588124;B
20240215;100006;590.250000000;1;9600588168;S
20240215;100006;590.250000000;5;9600588174;S
20240215;100006;590.600000000;2;9600588298;B
20240215;100006;590.600000000;2;9600588300;B
20240215;100006;590.250000000;1;9600588304;S
20240215;100006;590.600000000;2;9600588305;B
20240215;100006;590.250000000;2;9600588311;S
20240215;100006;590.600000000;2;9600588312;B
20240215;100006;590.600000000;1;9600588320;B
20240215;100006;590.600000000;2;9600588322;B
20240215;100006;590.600000000;1;9600588323;B
20240215;100006;590.600000000;2;9600588324;B
20240215;100006;590.600000000;1;9600588326;B
20240215;100006;590.600000000;2;9600588327;B
20240215;100006;590.600000000;1;9600588334;B
20240215;100006;590.250000000;7;9600588337;S
20240215;100006;590.250000000;2;9600588342;S
20240215;100006;590.600000000;2;9600588350;B
20240215;100006;590.250000000;1;9600588385;S
20240215;100006;590.600000000;1;9600588390;B
20240215;100006;590.600000000;3;9600588393;B
20240215;100006;590.250000000;2;9600588405;S
20240215;100006;590.600000000;1;9600588409;B
20240215;100006;590.250000000;2;9600588562;S
20240215;100006;590.600000000;1;9600588564;B
20240215;100006;590.600000000;1;9600588568;B
20240215;100006;590.600000000;1;9600588574;B
20240215;100006;590.250000000;2;9600588601;S
20240215;100006;590.600000000;1;9600588609;B
20240215;100006;590.600000000;2;9600588611;B
20240215;100006;590.600000000;1;9600588613;B
20240215;100006;590.600000000;2;9600588614;B
20240215;100006;590.600000000;2;9600588619;B
20240215;100006;590.600000000;1;9600588621;B
20240215;100006;590.300000000;2;9600588629;S
20240215;100006;590.600000000;2;9600588637;B
20240215;100006;590.600000000;1;9600588642;B
20240215;100006;590.600000000;5;9600588650;B
20240215;100006;590.600000000;21;9600588658;B
20240215;100006;590.600000000;2;9600588666;B
20240215;100006;590.300000000;2;9600588675;S
20240215;100006;590.600000000;2;9600588680;B
20240215;100006;590.600000000;1;9600588688;B
20240215;100006;590.600000000;2;9600588691;B
20240215;100006;590.600000000;1;9600588694;B
20240215;100006;590.600000000;1;9600588699;B
20240215;100006;590.600000000;1;9600588701;B
20240215;100006;590.600000000;1;9600588704;B
20240215;100006;590.600000000;1;9600588705;B
20240215;100006;590.600000000;2;9600588707;B
20240215;100006;590.600000000;2;9600588711;B
20240215;100006;590.600000000;1;9600588713;B
20240215;100006;590.300000000;2;9600588715;S
20240215;100006;590.600000000;1;9600588718;B
20240215;100006;590.600000000;2;9600588915;B
20240215;100006;590.600000000;1;9600588916;B
20240215;100006;590.600000000;2;9600588917;B
20240215;100006;590.300000000;10;9600588918;S
20240215;100006;590.300000000;1;9600588919;S
20240215;100006;590.300000000;9;9600588920;S
20240215;100006;590.200000000;41;9600588921;S
20240215;100006;590.200000000;2;9600588923;S
20240215;100006;590.500000000;4;9600589077;B
20240215;100006;590.200000000;4;9600589080;S
20240215;100006;590.200000000;2;9600589081;S
20240215;100006;590.500000000;2;9600589084;B
20240215;100006;590.500000000;1;9600589090;B
20240215;100006;590.200000000;4;9600589115;S
20240215;100006;590.500000000;2;9600589143;B
20240215;100006;590.200000000;2;9600589195;S
20240215;100006;590.500000000;1;9600589213;B
20240215;100006;590.500000000;1;9600589237;B
20240215;100006;590.500000000;1;9600589247;B
20240215;100006;590.200000000;2;9600589386;S
20240215;100006;590.500000000;2;9600589399;B
20240215;100006;590.500000000;2;9600589405;B
20240215;100006;590.500000000;1;9600589409;B
20240215;100006;590.500000000;1;9600589410;B
20240215;100006;590.200000000;2;9600589411;S
20240215;100006;590.500000000;2;9600589412;B
20240215;100006;590.500000000;1;9600589413;B
20240215;100006;590.500000000;2;9600589414;B
20240215;100006;590.500000000;2;9600589416;B
20240215;100006;590.500000000;1;9600589424;B
20240215;100006;590.500000000;1;9600589426;B
20240215;100006;590.200000000;2;9600589427;S
20240215;100006;590.500000000;1;9600589430;B
20240215;100006;590.500000000;3;9600589645;B
20240215;100007;590.500000000;2;9600589809;B
20240215;100007;590.100000000;2;9600589810;S
20240215;100007;590.500000000;2;9600589811;B
20240215;100007;590.500000000;1;9600589812;B
20240215;100007;590.500000000;2;9600589813;B
20240215;100007;590.100000000;2;9600589814;S
20240215;100007;590.100000000;2;9600589815;S
20240215;100007;590.100000000;24;9600589820;S
20240215;100007;590.100000000;2;9600589824;S
20240215;100007;590.500000000;1;9600589825;B
20240215;100007;590.500000000;1;9600589828;B
20240215;100007;590.500000000;1;9600589862;B
20240215;100007;590.500000000;3;9600589927;B
20240215;100007;590.500000000;2;9600589928;B
20240215;100007;590.100000000;2;9600589929;S
20240215;100007;590.500000000;2;9600589930;B
20240215;100007;590.100000000;16;9600590148;S
20240215;100007;590.100000000;423;9600590149;S
20240215;100007;590.050000000;416;9600590150;S
20240215;100007;590.050000000;90;9600590151;S
20240215;100007;590.000000000;9;9600590152;S
20240215;100007;590.000000000;3;9600590153;S
20240215;100007;590.000000000;1;9600590154;S
20240215;100007;590.000000000;100;9600590155;S
20240215;100007;590.000000000;1107;9600590156;B
20240215;100007;590.000000000;1;9600590197;B
20240215;100007;590.000000000;1;9600590358;B
20240215;100007;590.000000000;2;9600590360;B
20240215;100007;589.950000000;2;9600590362;S
20240215;100007;589.900000000;5;9600590363;S
20240215;100007;589.900000000;2;9600590364;S
20240215;100007;590.000000000;2;9600590385;B
20240215;100007;589.900000000;2;9600590387;S
20240215;100007;590.000000000;2;9600590390;B
20240215;100007;590.000000000;1;9600590414;B
20240215;100007;590.000000000;1;9600590551;B
20240215;100007;589.850000000;1;9600590616;S
20240215;100008;590.000000000;1;9600590654;B
20240215;100008;590.000000000;1;9600591139;B
20240215;100008;590.000000000;1;9600591158;B
20240215;100008;589.950000000;2;9600591159;S
20240215;100008;590.000000000;1;9600591535;B
20240215;100008;590.000000000;2;9600591612;B
20240215;100008;590.000000000;5;9600591613;B
20240215;100008;590.000000000;1;9600591615;B
20240215;100008;589.850000000;2;9600591616;S
20240215;100008;590.000000000;2;9600591617;B
20240215;100008;589.850000000;2;9600591618;S
20240215;100008;589.850000000;2;9600591619;S
20240215;100008;589.850000000;2;9600591620;S
20240215;100009;589.900000000;2;9600591947;S
20240215;100010;590.000000000;200;9600592406;B
20240215;100010;590.000000000;300;9600592407;B
20240215;100010;589.950000000;20;9600592480;S
20240215;100010;589.950000000;10;9600592486;S
20240215;100010;589.950000000;22;9600592487;S
20240215;100010;590.000000000;2;9600592585;B
20240215;100011;590.000000000;1;9600592806;B
20240215;100011;589.950000000;1;9600592808;S
20240215;100011;590.000000000;308;9600593063;B
20240215;100012;590.250000000;4;9600593892;B
20240215;100013;590.400000000;3;9600594889;B
20240215;100016;590.500000000;11;9600595738;B
20240215;100016;590.600000000;100;9600595916;B
20240215;100019;590.600000000;10;9600596621;B
20240215;100019;590.300000000;1;9600596653;S
20240215;100020;590.650000000;1;9600596751;B
20240215;100020;590.300000000;1;9600596759;S
20240215;100020;590.650000000;8;9600596811;B
20240215;100021;590.300000000;3;9600597097;S
20240215;100022;590.650000000;3;9600597274;B
20240215;100023;590.650000000;55;9600597843;B
20240215;100024;590.300000000;1;9600597920;S
20240215;100024;590.300000000;2;9600597996;S
20240215;100024;590.300000000;1;9600597997;S
20240215;100027;590.350000000;3;9600598518;S
20240215;100028;590.600000000;1;9600598601;B
20240215;100028;590.600000000;3;9600598641;B
20240215;100028;590.350000000;50;9600598647;S
20240215;100029;590.400000000;1;9600598782;S
20240215;100029;590.350000000;17;9600598783;S
20240215;100029;590.600000000;5;9600598857;B
20240215;100030;590.600000000;3;9600599087;B
20240215;100032;590.600000000;1;9600599357;B
20240215;100032;590.450000000;2;9600599452;S
20240215;100033;590.450000000;1;9600599568;S
20240215;100033;590.600000000;6;9600599581;B
20240215;100035;590.550000000;1;9600600011;B
20240215;100036;590.450000000;1;9600600061;S
20240215;100036;590.450000000;16;9600600068;S
20240215;100036;590.450000000;1;9600600069;S
20240215;100036;590.400000000;46;9600600070;S
20240215;100036;590.350000000;3;9600600071;S
20240215;100036;590.350000000;1;9600600072;S
20240215;100036;590.350000000;2;9600600073;S
20240215;100036;590.300000000;8;9600600074;S
20240215;100036;590.300000000;3;9600600075;S
20240215;100036;590.300000000;3;9600600076;S
20240215;100036;590.300000000;1;9600600077;S
20240215;100036;590.300000000;1;9600600078;S
20240215;100036;590.300000000;165;9600600079;S
20240215;100037;590.500000000;1;9600600245;B
20240215;100037;590.500000000;1;9600600246;S
20240215;100038;590.500000000;3;9600600456;B
20240215;100038;590.300000000;5;9600600491;S
20240215;100038;590.250000000;1;9600600492;S
20240215;100038;590.250000000;3;9600600493;S
20240215;100038;590.250000000;1;9600600494;S
20240215;100038;590.200000000;3;9600600495;S
20240215;100038;590.200000000;3;9600600496;S
20240215;100038;590.150000000;134;9600600497;S
20240215;100039;590.400000000;10;9600600666;B
20240215;100040;590.150000000;3;9600600894;S
20240215;100041;590.150000000;1;9600601177;S
20240215;100041;590.150000000;200;9600601179;S
20240215;100041;590.100000000;1;9600601258;S
20240215;100041;590.100000000;3;9600601297;S
20240215;100042;590.500000000;4;9600601514;B
20240215;100042;590.100000000;3;9600601546;S
20240215;100042;590.450000000;4;9600601559;B
20240215;100042;590.100000000;3;9600601564;S
20240215;100042;590.100000000;97;9600601565;S
20240215;100044;590.050000000;2;9600601805;S
20240215;100044;590.050000000;1;9600601806;S
20240215;100045;590.350000000;2;9600601970;B
20240215;100046;590.000000000;1;9600602150;S
20240215;100046;590.000000000;2;9600602151;S
20240215;100046;590.000000000;2;9600602152;S
20240215;100046;590.000000000;21;9600602153;S
20240215;100047;590.250000000;9;9600602299;B
20240215;100047;590.000000000;5;9600602325;S
20240215;100047;590.250000000;1;9600602328;B
20240215;100048;590.250000000;1;9600602539;B
20240215;100048;590.000000000;16;9600602621;S
20240215;100050;590.000000000;3;9600602892;S
20240215;100051;590.250000000;1;9600603207;B
20240215;100052;590.000000000;55;9600603484;S
20240215;100052;590.000000000;2;9600603485;S
20240215;100052;590.000000000;23;9600603486;S
20240215;100053;590.000000000;3;9600603661;S
20240215;100053;589.950000000;1;9600603662;S
20240215;100053;589.950000000;46;9600603663;S
20240215;100054;589.950000000;4;9600603919;S
20240215;100056;590.150000000;1;9600604273;B
20240215;100056;589.950000000;12;9600604293;S
20240215;100056;589.900000000;238;9600604294;S
20240215;100058;590.000000000;70;9600604679;B
20240215;100059;590.150000000;2;9600604840;B
20240215;100059;590.150000000;17;9600604924;B
20240215;100059;590.150000000;8;9600604961;B
20240215;100100;590.150000000;72;9600604972;B
20240215;100100;590.250000000;7;9600604973;B
20240215;100100;590.250000000;34;9600604974;B
20240215;100100;590.300000000;33;9600605081;B
20240215;100100;590.300000000;200;9600605186;B
20240215;100100;590.350000000;86;9600605187;B
20240215;100100;590.450000000;35;9600605188;B
20240215;100100;590.450000000;102;9600605189;B
20240215;100100;590.350000000;1;9600605268;B
20240215;100101;590.350000000;12;9600605314;B
20240215;100101;590.350000000;18;9600605321;B
20240215;100101;590.350000000;2;9600605328;B
20240215;100101;590.350000000;466;9600605386;B
20240215;100101;590.350000000;887;9600605387;B
20240215;100102;590.550000000;1;9600605605;B
20240215;100102;590.550000000;21;9600605694;B
20240215;100103;590.550000000;113;9600605728;B
20240215;100103;590.600000000;56;9600605729;B
20240215;100104;590.600000000;125;9600606074;B
20240215;100104;590.600000000;40;9600606075;B
20240215;100104;590.600000000;30;9600606076;B
20240215;100104;590.600000000;10;9600606077;B
20240215;100104;590.600000000;86;9600606078;B
20240215;100106;590.450000000;20;9600606295;S
20240215;100106;590.650000000;168;9600606422;B
20240215;100106;590.800000000;3;9600606427;B
20240215;100106;590.800000000;1;9600606428;B
20240215;100108;590.800000000;19;9600606671;B
20240215;100108;590.800000000;1;9600606672;B
20240215;100109;590.800000000;1;9600606854;B
20240215;100110;590.600000000;1;9600607115;S
20240215;100114;590.800000000;3;9600607694;B
20240215;100115;590.800000000;25;9600607822;B
20240215;100117;590.800000000;20;9600608177;B
20240215;100117;590.900000000;85;9600608178;B
20240215;100117;591.000000000;132;9600608179;B
20240215;100117;591.000000000;1;9600608180;B
20240215;100117;591.000000000;104;9600608181;B
20240215;100117;591.000000000;1;9600608230;B
20240215;100121;590.800000000;5;9600609199;S
20240215;100121;590.750000000;20;9600609200;S
20240215;100122;590.750000000;2;9600609367;S
20240215;100123;591.000000000;1;9600609448;B
20240215;100124;591.000000000;3;9600609651;B
20240215;100124;591.000000000;90;9600609693;B
20240215;100139;590.950000000;5;9600612166;B
20240215;100139;590.950000000;1;9600612245;B
20240215;100140;590.950000000;2;9600612279;B
20240215;100147;590.700000000;3;9600613605;S
20240215;100149;590.900000000;10;9600613910;B
20240215;100149;590.950000000;42;9600613911;B
20240215;100149;590.950000000;83;9600613912;B
20240215;100149;590.950000000;45;9600613913;B
20240215;100150;590.700000000;3;9600614173;S
20240215;100154;590.850000000;1;9600614841;B
20240215;100154;590.800000000;124;9600614869;S
20240215;100154;590.800000000;76;9600614870;S
20240215;100155;590.850000000;2;9600615083;B
20240215;100155;590.850000000;1;9600615084;B
20240215;100155;590.900000000;1;9600615085;B
20240215;100155;590.900000000;1;9600615086;B
20240215;100155;590.900000000;1;9600615087;B
20240215;100155;590.900000000;1;9600615088;B
20240215;100155;590.900000000;1;9600615089;B
20240215;100155;590.900000000;1;9600615090;B
20240215;100158;590.700000000;9;9600615658;S
20240215;100158;590.700000000;4;9600615659;S
20240215;100158;590.700000000;40;9600615660;S
20240215;100158;590.700000000;2;9600615661;S
20240215;100158;590.650000000;5;9600615662;S
20240215;100202;590.700000000;12;9600616164;S
20240215;100205;590.850000000;1;9600616634;B
20240215;100205;590.850000000;1;9600616635;B
20240215;100205;590.900000000;1;9600616636;B
20240215;100205;590.900000000;6;9600616637;B
20240215;100207;590.700000000;3;9600617225;S
20240215;100208;590.700000000;10;9600617361;S
20240215;100208;590.700000000;2;9600617362;S
20240215;100208;590.650000000;421;9600617363;S
20240215;100208;590.600000000;1;9600617364;S
20240215;100208;590.600000000;80;9600617365;S
20240215;100208;590.600000000;48;9600617366;S
20240215;100208;590.550000000;135;9600617367;S
20240215;100208;590.550000000;150;9600617368;S
20240215;100208;590.500000000;135;9600617369;S
20240215;100208;590.500000000;10;9600617370;S
20240215;100208;590.450000000;135;9600617371;S
20240215;100208;590.400000000;3;9600617372;S
20240215;100208;590.350000000;564;9600617373;S
20240215;100208;590.400000000;2;9600617426;S
20240215;100208;590.650000000;2;9600617439;B
20240215;100209;590.700000000;100;9600617634;B
20240215;100211;590.400000000;2;9600618149;S
20240215;100214;590.700000000;6;9600618848;B
20240215;100220;590.750000000;81;9600619779;B
20240215;100220;590.800000000;60;9600619780;B
20240215;100222;590.650000000;4;9600620209;S
20240215;100223;590.700000000;1;9600620343;B
20240215;100223;590.750000000;1;9600620344;B
20240215;100225;590.650000000;44;9600620705;S
20240215;100225;590.600000000;414;9600620706;S
20240215;100225;590.550000000;54;9600620707;S
20240215;100225;590.650000000;1;9600620727;S
20240215;100226;590.850000000;1;9600620844;B
20240215;100226;590.850000000;135;9600620845;B
20240215;100226;590.850000000;100;9600620846;B
20240215;100226;590.850000000;80;9600620847;B
20240215;100226;590.900000000;1;9600620848;B
20240215;100226;590.900000000;135;9600620849;B
20240215;100226;590.900000000;438;9600620850;B
20240215;100231;590.750000000;6;9600621853;S
20240215;100231;590.750000000;5;9600621908;S
20240215;100234;590.750000000;88;9600622354;S
20240215;100234;590.700000000;414;9600622355;S
20240215;100234;590.700000000;80;9600622356;S
20240215;100234;590.700000000;2;9600622357;S
20240215;100234;590.600000000;414;9600622358;S
20240215;100234;590.600000000;5;9600622359;S
20240215;100234;590.550000000;94;9600622360;S
20240215;100234;590.500000000;500;9600622361;S
20240215;100234;590.500000000;103;9600622362;S
20240215;100239;590.650000000;1;9600623229;B
20240215;100239;590.600000000;1;9600623242;S
20240215;100240;590.650000000;7;9600623425;B
20240215;100241;590.600000000;4;9600623568;S
20240215;100242;590.650000000;3;9600623971;B
20240215;100242;590.650000000;1;9600624103;B
20240215;100245;590.600000000;3;9600624768;S
20240215;100245;590.600000000;3;9600624812;S
20240215;100245;590.650000000;4;9600624813;B
20240215;100245;590.600000000;8;9600624891;S
20240215;100247;590.650000000;1;9600625167;B
20240215;100247;590.600000000;3;9600625220;S
20240215;100248;590.650000000;2;9600625348;B
20240215;100249;590.650000000;1;9600625494;B
20240215;100249;590.650000000;1;9600625505;B
20240215;100249;590.750000000;1;9600625506;B
20240215;100249;590.800000000;3;9600625530;B
20240215;100253;590.800000000;3;9600626217;S
20240215;100253;590.850000000;1;9600626356;B
20240215;100253;590.900000000;3;9600626357;B
20240215;100256;590.900000000;47;9600626747;B
20240215;100256;590.900000000;53;9600626748;B
20240215;100258;590.900000000;1;9600626956;B
20240215;100300;590.900000000;2;9600627338;B
20240215;100300;590.850000000;1;9600627339;S
20240215;100300;590.850000000;34;9600627340;S
20240215;100304;590.800000000;85;9600627881;S
20240215;100304;590.800000000;3;9600628044;S
20240215;100305;590.800000000;3;9600628189;S
20240215;100307;590.850000000;10;9600628454;B
20240215;100307;590.850000000;64;9600628480;B
20240215;100307;590.900000000;15;9600628481;B
20240215;100307;590.900000000;192;9600628482;B
20240215;100307;590.950000000;2407;9600628483;B
20240215;100307;590.950000000;5;9600628484;B
20240215;100307;591.000000000;801;9600628485;B
20240215;100307;591.000000000;100;9600628486;B
20240215;100307;591.000000000;22;9600628487;B
20240215;100307;591.000000000;2;9600628488;B
20240215;100307;591.000000000;4;9600628489;B
20240215;100307;591.000000000;150;9600628490;B
20240215;100307;591.000000000;190;9600628491;B
20240215;100307;591.000000000;48;9600628492;B
20240215;100311;591.000000000;2;9600629061;B
20240215;100312;591.000000000;3;9600629193;B
20240215;100312;590.950000000;64;9600629222;S
20240215;100313;591.000000000;121;9600629478;B
20240215;100313;591.000000000;10;9600629479;B
20240215;100315;591.000000000;13;9600629796;B
20240215;100315;591.000000000;85;9600630031;B
20240215;100315;591.000000000;250;9600630032;B
20240215;100315;591.000000000;15;9600630033;B
20240215;100315;591.000000000;150;9600630034;B
20240215;100319;590.900000000;135;9600630726;S
20240215;100319;590.850000000;135;9600630727;S
20240215;100319;590.850000000;76;9600630728;S
20240215;100319;590.800000000;184;9600630729;S
20240215;100319;590.800000000;70;9600630730;S
20240215;100320;591.000000000;18;9600630908;B
20240215;100321;591.000000000;1;9600630970;B
20240215;100325;591.000000000;11;9600631504;B
20240215;100325;591.000000000;3;9600631540;B
20240215;100327;591.000000000;217;9600631783;B
20240215;100327;591.000000000;70;9600631784;B
20240215;100327;591.000000000;248;9600631785;B
20240215;100327;591.000000000;57;9600631786;B
20240215;100327;591.000000000;100;9600631787;B
20240215;100327;591.050000000;74;9600631788;B
20240215;100327;591.100000000;198;9600631789;B
20240215;100327;591.150000000;16;9600631790;B
20240215;100327;591.150000000;1500;9600631791;B
20240215;100327;591.150000000;423;9600631792;B
20240215;100327;591.200000000;2;9600631793;B
20240215;100327;591.200000000;150;9600631794;B
20240215;100327;591.200000000;5;9600631795;B
20240215;100327;591.200000000;200;9600631796;B
20240215;100327;591.200000000;150;9600631797;B
20240215;100327;591.300000000;3000;9600631798;B
20240215;100327;591.350000000;135;9600631799;B
20240215;100327;591.400000000;135;9600631800;B
20240215;100327;591.450000000;470;9600631801;B
20240215;100328;591.450000000;6;9600631934;B
20240215;100330;591.500000000;50;9600632326;B
20240215;100331;591.500000000;1;9600632377;B
20240215;100331;591.500000000;25;9600632384;B
20240215;100331;591.500000000;1;9600632414;B
20240215;100331;591.400000000;6;9600632460;S
20240215;100332;591.500000000;8;9600632643;B
20240215;100334;591.450000000;4;9600632880;S
20240215;100334;591.500000000;4;9600632895;B
20240215;100334;591.500000000;25;9600632938;B
20240215;100335;591.450000000;1;9600632999;S
20240215;100335;591.400000000;4;9600633000;S
20240215;100335;591.300000000;15;9600633001;S
20240215;100336;591.500000000;2;9600633129;B
20240215;100339;591.500000000;245;9600633612;B
20240215;100339;591.500000000;65;9600633613;B
20240215;100340;591.450000000;1;9600633842;B
20240215;100340;591.500000000;8;9600633843;B
20240215;100341;591.500000000;2;9600634027;B
20240215;100341;591.550000000;5;9600634028;B
20240215;100341;591.550000000;26;9600634029;B
20240215;100341;591.350000000;2;9600634138;S
20240215;100342;591.550000000;30;9600634201;B
20240215;100343;591.550000000;10;9600634404;B
20240215;100343;591.550000000;2;9600634460;B
20240215;100343;591.550000000;2;9600634570;B
20240215;100344;591.350000000;69;9600634674;S
20240215;100345;591.400000000;49;9600635039;S
20240215;100345;591.400000000;20;9600635084;S
20240215;100348;591.550000000;1;9600635512;B
20240215;100348;591.550000000;100;9600635537;B
20240215;100349;591.550000000;150;9600635735;B
20240215;100352;591.550000000;100;9600636054;B
20240215;100353;591.550000000;1;9600636249;B
20240215;100353;591.550000000;199;9600636250;B
20240215;100354;591.550000000;100;9600636354;B
20240215;100354;591.350000000;69;9600636401;S
20240215;100354;591.350000000;25;9600636443;S
20240215;100355;591.350000000;4;9600636514;S
20240215;100355;591.550000000;1;9600636555;B
20240215;100356;591.350000000;69;9600636642;S
20240215;100357;591.550000000;100;9600636802;B
20240215;100401;591.550000000;1;9600637406;B
20240215;100401;591.500000000;2;9600637431;S
20240215;100402;591.550000000;1;9600637559;B
20240215;100402;591.550000000;1;9600637589;B
20240215;100402;591.550000000;85;9600637632;B
20240215;100402;591.550000000;5;9600637661;B
20240215;100402;591.550000000;1;9600637687;B
20240215;100403;591.550000000;1;9600637812;B
20240215;100404;591.550000000;5;9600637962;B
20240215;100406;591.550000000;2;9600638208;B
20240215;100407;591.500000000;2;9600638434;S
20240215;100408;591.550000000;39;9600638465;B
20240215;100409;591.500000000;3;9600638690;S
20240215;100411;591.500000000;1;9600639029;S
20240215;100411;591.500000000;1;9600639065;S
20240215;100413;591.500000000;1;9600639300;S
20240215;100415;591.500000000;3;9600639615;B
20240215;100415;591.500000000;17;9600639616;B
20240215;100416;591.550000000;1;9600639805;B
20240215;100418;591.350000000;30;9600640008;S
20240215;100421;591.550000000;70;9600640333;B
20240215;100421;591.550000000;30;9600640334;B
20240215;100422;591.550000000;1;9600640575;B
20240215;100428;591.500000000;4;9600641149;B
20240215;100428;591.500000000;1;9600641176;B
20240215;100430;591.500000000;3;9600641484;B
20240215;100430;591.500000000;1;9600641563;B
20240215;100430;591.500000000;81;9600641564;B
20240215;100430;591.500000000;162;9600641565;S
20240215;100431;591.550000000;1;9600641654;B
20240215;100432;591.550000000;1;9600641721;B
20240215;100433;591.550000000;1;9600642177;B
20240215;100435;591.550000000;206;9600642320;B
20240215;100435;591.550000000;409;9600642321;B
20240215;100435;591.550000000;200;9600642322;B
20240215;100435;591.550000000;99;9600642323;B
20240215;100435;591.600000000;1;9600642324;B
20240215;100435;591.600000000;85;9600642325;B
20240215;100435;591.550000000;1;9600642430;B
20240215;100439;591.550000000;1;9600643002;B
20240215;100439;591.350000000;2;9600643016;S
20240215;100439;591.350000000;23;9600643054;S
20240215;100440;591.300000000;1;9600643147;S
20240215;100441;591.300000000;2;9600643266;S
20240215;100441;591.350000000;1;9600643313;B
20240215;100442;591.300000000;3;9600643462;S
20240215;100443;591.350000000;414;9600643469;B
20240215;100443;591.350000000;162;9600643470;B
20240215;100443;591.450000000;81;9600643589;B
20240215;100443;591.500000000;130;9600643590;B
20240215;100443;591.500000000;78;9600643591;S
20240215;100443;591.500000000;11;9600643592;S
20240215;100445;591.500000000;1;9600643819;S
20240215;100446;591.550000000;17;9600644049;B
20240215;100448;591.350000000;509;9600644169;S
20240215;100448;591.350000000;414;9600644186;B
20240215;100448;591.350000000;414;9600644189;B
20240215;100448;591.300000000;1;9600644285;S
20240215;100449;591.300000000;2;9600644369;S
20240215;100449;591.350000000;2;9600644405;B
20240215;100450;591.350000000;1;9600644485;B
20240215;100450;591.350000000;1;9600644494;B
20240215;100452;591.350000000;500;9600644744;B
20240215;100452;591.350000000;1;9600644746;B
20240215;100452;591.350000000;50;9600644846;B
20240215;100452;591.300000000;21;9600644851;S
20240215;100452;591.300000000;179;9600644852;S
20240215;100453;591.350000000;1;9600644894;B
20240215;100454;591.350000000;30;9600645002;B
20240215;100455;591.350000000;1;9600645116;B
20240215;100455;591.300000000;2;9600645123;S
20240215;100455;591.350000000;2;9600645124;B
20240215;100456;591.350000000;2;9600645334;B
20240215;100457;591.300000000;1;9600645424;S
20240215;100458;591.350000000;72;9600645608;B
20240215;100458;591.400000000;83;9600645609;B
20240215;100500;591.450000000;2;9600645784;B
20240215;100500;591.450000000;5;9600645850;B
20240215;100501;591.400000000;2;9600645906;S
20240215;100503;591.450000000;150;9600646185;B
20240215;100504;591.400000000;43;9600646255;S
20240215;100504;591.350000000;84;9600646256;S
20240215;100504;591.350000000;473;9600646257;S
20240215;100505;591.400000000;5;9600646540;B
20240215;100507;591.400000000;1;9600646946;S
20240215;100507;591.300000000;2;9600646947;S
20240215;100509;591.400000000;29;9600647110;B
20240215;100509;591.300000000;35;9600647140;S
20240215;100510;591.450000000;1;9600647350;B
20240215;100511;591.400000000;18;9600647555;B
20240215;100512;591.450000000;21;9600647591;B
20240215;100514;591.400000000;1;9600648039;B
20240215;100517;591.400000000;86;9600648359;B
20240215;100517;591.450000000;114;9600648360;B
20240215;100517;591.400000000;1;9600648464;B
20240215;100518;591.450000000;2;9600648526;B
20240215;100518;591.450000000;5;9600648583;B
20240215;100520;591.300000000;8;9600648973;S
20240215;100521;591.300000000;61;9600649074;S
20240215;100521;591.400000000;20;9600649114;B
20240215;100522;591.300000000;712;9600649413;S
20240215;100522;591.300000000;45;9600649414;S
20240215;100522;591.300000000;5;9600649415;S
20240215;100522;591.300000000;35;9600649416;S
20240215;100522;591.300000000;3;9600649417;S
20240215;100522;591.300000000;2;9600649418;S
20240215;100522;591.300000000;3;9600649419;S
20240215;100523;591.400000000;8;9600649503;B
20240215;100523;591.250000000;1;9600649504;S
20240215;100523;591.200000000;1;9600649564;S
20240215;100523;591.150000000;49;9600649565;S
20240215;100525;591.350000000;4;9600650038;B
20240215;100526;591.300000000;30;9600650188;B
20240215;100527;591.100000000;12;9600650399;S
20240215;100529;591.250000000;86;9600650663;B
20240215;100529;591.300000000;509;9600650664;B
20240215;100529;591.350000000;150;9600650665;B
20240215;100529;591.400000000;2;9600650666;B
20240215;100529;591.400000000;232;9600650667;B
20240215;100529;591.450000000;198;9600650668;B
20240215;100530;591.400000000;1;9600650901;B
20240215;100533;591.300000000;10;9600651516;S
20240215;100536;591.150000000;8;9600651931;S
20240215;100536;591.350000000;3;9600652035;B
20240215;100541;591.250000000;6;9600652846;B
20240215;100541;591.250000000;79;9600653014;B
20240215;100541;591.300000000;231;9600653015;B
20240215;100542;591.350000000;29;9600653136;B
20240215;100546;591.350000000;1;9600653686;B
20240215;100547;591.350000000;20;9600653791;B
20240215;100547;591.300000000;3;9600653836;S
20240215;100548;591.150000000;1;9600653953;S
20240215;100551;591.150000000;6;9600654295;S
20240215;100551;591.150000000;10;9600654318;S
20240215;100554;591.150000000;25;9600654593;S
20240215;100554;591.150000000;2;9600654594;S
20240215;100554;591.100000000;10;9600654640;S
20240215;100554;591.100000000;29;9600654641;S
20240215;100556;591.150000000;1;9600654969;B
20240215;100559;591.150000000;10;9600655620;B
20240215;100600;591.150000000;20;9600655621;B
20240215;100600;591.050000000;1;9600655647;S
20240215;100600;591.050000000;2;9600655659;S
20240215;100602;591.050000000;2;9600656120;S
20240215;100602;591.050000000;1686;9600656121;S
20240215;100602;591.050000000;338;9600656122;S
20240215;100602;591.050000000;135;9600656123;S
20240215;100602;591.050000000;2;9600656207;S
20240215;100603;591.050000000;3;9600656299;S
20240215;100603;591.050000000;2;9600656300;S
20240215;100603;591.050000000;509;9600656301;B
20240215;100604;591.050000000;2;9600656389;S
20240215;100604;591.100000000;10;9600656452;B
20240215;100605;591.050000000;6;9600656604;S
20240215;100605;591.050000000;135;9600656629;B
20240215;100605;591.050000000;31;9600656630;B
20240215;100605;591.050000000;151;9600656631;S
20240215;100605;591.050000000;1;9600656762;B
20240215;100607;591.050000000;7;9600657047;B
20240215;100609;591.050000000;1;9600657308;B
20240215;100609;591.050000000;2;9600657325;B
20240215;100609;591.000000000;1;9600657414;S
20240215;100609;591.000000000;2;9600657415;S
20240215;100610;591.000000000;5;9600657510;S
20240215;100611;591.000000000;10;9600657624;S
20240215;100611;591.000000000;4;9600657635;S
20240215;100611;591.000000000;690;9600657681;S
20240215;100611;591.000000000;390;9600657682;S
20240215;100611;591.000000000;2;9600657683;S
20240215;100611;591.000000000;1;9600657684;S
20240215;100611;591.000000000;443;9600657685;S
20240215;100611;591.000000000;1;9600657686;S
20240215;100611;591.000000000;12;9600657687;S
20240215;100611;591.000000000;49;9600657688;S
20240215;100611;591.000000000;141;9600657689;S
20240215;100611;591.000000000;28;9600657690;S
20240215;100612;590.900000000;1;9600657855;S
20240215;100612;590.900000000;2;9600657856;S
20240215;100612;590.850000000;100;9600657859;S
20240215;100613;590.800000000;7;9600657933;S
20240215;100613;590.700000000;1;9600657934;S
20240215;100613;590.700000000;14;9600657935;S
20240215;100613;590.650000000;28;9600657936;S
20240215;100615;590.800000000;8;9600658274;B
20240215;100618;590.600000000;33;9600658844;S
20240215;100618;590.600000000;33;9600658845;S
20240215;100618;590.750000000;1;9600658906;B
20240215;100622;590.750000000;1;9600659648;B
20240215;100622;590.750000000;1;9600659649;B
20240215;100622;590.750000000;1;9600659650;B
20240215;100622;590.750000000;1;9600659651;B
20240215;100622;590.750000000;1;9600659652;B
20240215;100622;590.750000000;1;9600659653;B
20240215;100622;590.750000000;1;9600659654;B
20240215;100622;590.750000000;80;9600659655;B
20240215;100622;590.750000000;135;9600659656;B
20240215;100622;590.750000000;89;9600659657;B
20240215;100622;590.800000000;1;9600659684;B
20240215;100625;590.850000000;2;9600660216;B
20240215;100626;590.600000000;17;9600660484;S
20240215;100629;590.850000000;1;9600660741;B
20240215;100630;590.600000000;1;9600660935;S
20240215;100633;590.850000000;10;9600661428;B
20240215;100633;590.850000000;350;9600661455;B
20240215;100638;590.800000000;1;9600662277;B
20240215;100640;590.800000000;3;9600662753;B
20240215;100642;590.700000000;25;9600663219;B
20240215;100645;590.600000000;1;9600663731;S
20240215;100645;590.750000000;12;9600663775;B
20240215;100645;590.600000000;64;9600663806;S
20240215;100645;590.600000000;45;9600663807;S
20240215;100645;590.600000000;25;9600663808;S
20240215;100645;590.600000000;5;9600663809;S
20240215;100645;590.600000000;2;9600663810;S
20240215;100645;590.550000000;9;9600663811;S
20240215;100647;590.600000000;1;9600664076;B
20240215;100647;590.700000000;10;9600664077;B
20240215;100653;590.700000000;1;9600665026;B
20240215;100656;590.550000000;4;9600665514;S
20240215;100656;590.700000000;3;9600665570;B
20240215;100656;590.700000000;2;9600665585;B
20240215;100656;590.700000000;3;9600665586;B
20240215;100657;590.550000000;1;9600665756;S
20240215;100657;590.550000000;49;9600665757;S
20240215;100657;590.750000000;76;9600665774;B
20240215;100657;590.750000000;23;9600665775;B
20240215;100658;590.700000000;200;9600665778;S
20240215;100658;590.750000000;10;9600665803;B
20240215;100658;590.550000000;2;9600665875;S
20240215;100658;590.550000000;11;9600665921;S
20240215;100659;590.550000000;2;9600666082;B
20240215;100659;590.600000000;50;9600666176;B
20240215;100701;590.600000000;3;9600666479;B
20240215;100707;590.700000000;3;9600667506;B
20240215;100707;590.700000000;1;9600667507;B
20240215;100707;590.700000000;6;9600667551;B
20240215;100708;590.700000000;4;9600667603;B
20240215;100708;590.550000000;10;9600667672;S
20240215;100708;590.550000000;25;9600667673;S
20240215;100708;590.500000000;14;9600667674;S
20240215;100708;590.500000000;10;9600667675;S
20240215;100708;590.500000000;1;9600667676;S
20240215;100708;590.500000000;19;9600667677;S
20240215;100709;590.400000000;1;9600667836;S
20240215;100709;590.450000000;30;9600667864;B
20240215;100709;590.450000000;1;9600667897;B
20240215;100710;590.400000000;28;9600667985;S
20240215;100710;590.450000000;104;9600668030;B
20240215;100710;590.450000000;310;9600668031;B
20240215;100710;590.450000000;135;9600668045;B
20240215;100710;590.450000000;279;9600668046;B
20240215;100711;590.450000000;10;9600668167;B
20240215;100711;590.450000000;2;9600668171;B
20240215;100712;590.450000000;414;9600668435;B
20240215;100712;590.500000000;3;9600668447;B
20240215;100712;590.500000000;2;9600668472;B
20240215;100715;590.500000000;357;9600668973;B
20240215;100715;590.500000000;762;9600668991;B
20240215;100715;590.500000000;762;9600669088;B
20240215;100716;590.500000000;423;9600669161;B
20240215;100718;590.500000000;2;9600669439;B
20240215;100718;590.500000000;1;9600669540;B
20240215;100719;590.500000000;1;9600669720;B
20240215;100719;590.500000000;2829;9600669767;B
20240215;100719;590.500000000;100;9600669768;B
20240215;100721;590.450000000;1;9600669952;S
20240215;100721;590.500000000;125;9600669953;B
20240215;100721;590.500000000;2017;9600669954;B
20240215;100721;590.500000000;1;9600669955;B
20240215;100721;590.450000000;2;9600669974;S
20240215;100722;590.450000000;22;9600670059;S
20240215;100722;590.400000000;26;9600670060;S
20240215;100722;590.400000000;101;9600670061;B
20240215;100722;590.400000000;31;9600670178;B
20240215;100722;590.400000000;220;9600670179;B
20240215;100723;590.500000000;1;9600670246;B
20240215;100723;590.500000000;849;9600670247;B
20240215;100724;590.750000000;2;9600670424;B
20240215;100725;590.650000000;1;9600670466;S
20240215;100726;590.750000000;3;9600670634;B
20240215;100726;590.650000000;13;9600670651;S
20240215;100726;590.550000000;7;9600670652;S
20240215;100727;590.750000000;1;9600670861;B
20240215;100729;590.500000000;50;9600671214;S
20240215;100729;590.500000000;2;9600671215;S
20240215;100729;590.500000000;99;9600671216;S
20240215;100729;590.450000000;146;9600671217;S
20240215;100730;590.800000000;3;9600671321;B
20240215;100734;590.550000000;50;9600671808;S
20240215;100734;590.500000000;3;9600671810;S
20240215;100735;590.750000000;1;9600671943;B
20240215;100735;590.800000000;8;9600671944;B
20240215;100735;590.800000000;100;9600671945;B
20240215;100735;590.850000000;53;9600671946;B
20240215;100735;590.850000000;98;9600671947;B
20240215;100735;590.900000000;55;9600671948;B
20240215;100735;590.900000000;19;9600671949;B
20240215;100737;590.950000000;8;9600672133;B
20240215;100737;590.950000000;1;9600672145;B
20240215;100738;590.950000000;1;9600672349;B
20240215;100739;590.950000000;2;9600672368;B
20240215;100740;591.000000000;10;9600672551;B
20240215;100740;591.000000000;10;9600672607;B
20240215;100740;591.050000000;10;9600672608;B
20240215;100740;591.050000000;1;9600672609;B
20240215;100740;591.050000000;423;9600672610;B
20240215;100740;591.050000000;97;9600672611;B
20240215;100740;591.150000000;30;9600672612;B
20240215;100740;591.150000000;200;9600672613;B
20240215;100740;591.200000000;135;9600672614;B
20240215;100740;591.200000000;94;9600672615;B
20240215;100742;590.750000000;509;9600672827;S
20240215;100742;590.750000000;174;9600672828;S
20240215;100742;590.700000000;135;9600672829;S
20240215;100742;590.700000000;150;9600672830;S
20240215;100742;590.650000000;135;9600672831;S
20240215;100742;590.600000000;135;9600672832;S
20240215;100742;590.550000000;30;9600672833;S
20240215;100742;590.550000000;2;9600672834;S
20240215;100742;590.500000000;6;9600672835;S
20240215;100742;590.500000000;35;9600672836;S
20240215;100742;590.500000000;1;9600672837;S
20240215;100742;590.500000000;423;9600672838;S
20240215;100742;590.400000000;357;9600672839;S
20240215;100742;590.400000000;475;9600672840;B
20240215;100742;590.900000000;200;9600672842;B
20240215;100742;590.900000000;1;9600672847;B
20240215;100743;590.850000000;14;9600673008;B
20240215;100743;590.850000000;15;9600673014;B
20240215;100746;590.750000000;1;9600673421;S
20240215;100746;590.600000000;1;9600673422;S
20240215;100746;590.600000000;2;9600673423;S
20240215;100751;590.800000000;1;9600674061;B
20240215;100754;590.700000000;200;9600674380;S
20240215;100758;590.700000000;5;9600674822;S
20240215;100759;590.850000000;2;9600674943;B
20240215;100800;590.750000000;3;9600675174;S
20240215;100811;590.750000000;300;9600676597;S
20240215;100811;590.700000000;1;9600676598;S
20240215;100811;590.700000000;1;9600676599;S
20240215;100811;590.700000000;1;9600676600;S
20240215;100811;590.700000000;1;9600676601;S
20240215;100811;590.700000000;1;9600676602;S
20240215;100811;590.700000000;1;9600676603;S
20240215;100811;590.700000000;4;9600676604;S
20240215;100811;590.700000000;1;9600676605;S
20240215;100811;590.700000000;1;9600676606;S
20240215;100811;590.700000000;90;9600676607;S
20240215;100811;590.650000000;135;9600676608;S
20240215;100811;590.600000000;54;9600676609;S
20240215;100812;590.650000000;180;9600676819;S
20240215;100815;590.800000000;6;9600677105;B
20240215;100815;590.850000000;22;9600677106;S
20240215;100815;590.850000000;72;9600677107;S
20240215;100815;590.800000000;6;9600677158;S
20240215;100819;590.900000000;423;9600677599;B
20240215;100819;590.950000000;50;9600677600;B
20240215;100819;590.950000000;48;9600677601;B
20240215;100819;591.000000000;1;9600677602;B
20240215;100820;591.100000000;2;9600677779;B
20240215;100821;591.100000000;1;9600677831;B
20240215;100821;591.050000000;1;9600677842;S
20240215;100821;591.050000000;147;9600677866;S
20240215;100822;591.100000000;1;9600677960;B
20240215;100824;591.100000000;37;9600678226;B
20240215;100826;591.050000000;250;9600678385;S
20240215;100827;591.050000000;111;9600678471;S
20240215;100827;591.050000000;1;9600678472;S
20240215;100827;591.000000000;2188;9600678473;S
20240215;100827;591.050000000;14;9600678474;S
20240215;100827;591.050000000;68;9600678475;S
20240215;100828;591.000000000;5;9600678764;S
20240215;100830;591.100000000;2;9600679014;B
20240215;100831;591.000000000;1863;9600679308;S
20240215;100831;591.000000000;331;9600679309;S
20240215;100831;591.000000000;2;9600679321;S
20240215;100831;591.000000000;100;9600679323;S
20240215;100831;591.000000000;51;9600679377;S
20240215;100831;591.000000000;1;9600679419;S
20240215;100833;591.050000000;2;9600679652;B
20240215;100834;591.050000000;20;9600679775;B
20240215;100835;591.000000000;3;9600679860;S
20240215;100835;591.000000000;1;9600679879;S
20240215;100835;591.050000000;2;9600679881;B
20240215;100835;591.050000000;2;9600679894;B
20240215;100837;591.000000000;1;9600680031;S
20240215;100837;591.000000000;3;9600680227;S
20240215;100838;591.000000000;2;9600680287;S
20240215;100838;591.000000000;8;9600680288;S
20240215;100838;591.000000000;4;9600680389;S
20240215;100839;591.050000000;1;9600680469;B
20240215;100840;591.050000000;1;9600680516;B
20240215;100840;591.000000000;1;9600680517;S
20240215;100840;591.000000000;8;9600680518;S
20240215;100840;591.000000000;1;9600680630;S
20240215;100840;591.000000000;2;9600680631;S
20240215;100841;591.000000000;1;9600680755;S
20240215;100841;591.000000000;7;9600680756;S
20240215;100842;591.000000000;1;9600680827;S
20240215;100843;591.000000000;1;9600680934;S
20240215;100844;591.050000000;5;9600681034;B
20240215;100844;591.000000000;1;9600681095;S
20240215;100845;591.000000000;3;9600681105;S
20240215;100846;591.050000000;2;9600681283;B
20240215;100846;591.050000000;1;9600681304;B
20240215;100846;591.050000000;2;9600681310;B
20240215;100846;591.050000000;6;9600681362;B
20240215;100848;591.000000000;1;9600681498;S
20240215;100848;591.050000000;3;9600681507;B
20240215;100848;591.000000000;4;9600681547;S
20240215;100849;591.050000000;1;9600681614;B
20240215;100850;591.050000000;1;9600681670;B
20240215;100850;591.000000000;200;9600681705;S
20240215;100850;591.000000000;5;9600681732;S
20240215;100852;591.000000000;4679;9600682001;S
20240215;100852;591.000000000;20;9600682002;S
20240215;100852;591.000000000;24;9600682003;S
20240215;100852;591.000000000;1;9600682004;S
20240215;100852;591.000000000;1;9600682005;S
20240215;100852;591.000000000;5;9600682006;S
20240215;100852;590.950000000;414;9600682010;S
20240215;100852;590.850000000;52;9600682011;S
20240215;100854;590.850000000;1;9600682197;B
20240215;100855;590.850000000;1;9600682285;B
20240215;100855;590.850000000;5;9600682319;B
20240215;100856;590.850000000;7;9600682395;B
20240215;100856;590.900000000;98;9600682396;B
20240215;100856;590.900000000;5;9600682402;B
20240215;100856;590.900000000;3;9600682420;B
20240215;100856;590.800000000;10;9600682452;S
20240215;100858;590.850000000;3;9600682609;B
20240215;100901;590.850000000;19;9600683002;B
20240215;100901;590.900000000;2;9600683036;B
20240215;100902;590.850000000;9;9600683376;B
20240215;100902;590.800000000;1;9600683382;S
20240215;100903;590.850000000;6;9600683472;B
20240215;100903;590.850000000;15;9600683532;B
20240215;100904;590.800000000;2;9600683655;S
20240215;100905;590.850000000;2;9600683809;B
20240215;100905;590.800000000;481;9600683810;S
20240215;100905;590.800000000;1;9600683811;S
20240215;100905;590.800000000;5;9600683812;S
20240215;100905;590.750000000;33;9600683856;B
20240215;100906;590.800000000;1;9600683942;B
20240215;100907;590.750000000;509;9600683996;B
20240215;100907;590.750000000;135;9600683997;B
20240215;100907;590.800000000;134;9600683998;B
20240215;100907;590.800000000;105;9600683999;B
20240215;100907;590.850000000;135;9600684000;B
20240215;100907;590.850000000;2;9600684001;B
20240215;100907;590.850000000;1;9600684002;B
20240215;100907;590.850000000;423;9600684003;B
20240215;100907;590.850000000;150;9600684004;B
20240215;100907;590.850000000;1;9600684094;S
20240215;100909;590.900000000;1;9600684273;B
20240215;100909;590.900000000;1;9600684274;B
20240215;100909;590.900000000;1;9600684294;B
20240215;100909;590.850000000;100;9600684319;S
20240215;100910;590.850000000;3;9600684353;S
20240215;100910;590.900000000;1;9600684366;B
20240215;100910;590.900000000;1;9600684367;B
20240215;100910;590.900000000;1;9600684368;B
20240215;100910;590.950000000;107;9600684369;B
20240215;100910;591.000000000;135;9600684370;B
20240215;100910;591.000000000;125;9600684371;B
20240215;100910;590.850000000;5;9600684387;S
20240215;100915;590.850000000;2;9600685055;S
20240215;100916;590.850000000;500;9600685540;S
20240215;100919;590.850000000;30;9600686076;S
20240215;100920;590.900000000;1;9600686153;B
20240215;100920;590.850000000;25;9600686155;S
20240215;100922;590.850000000;3;9600686469;S
20240215;100923;590.900000000;4;9600686497;B
20240215;100923;590.850000000;3;9600686619;S
20240215;100924;590.900000000;2;9600686720;B
20240215;100925;590.900000000;2;9600686794;B
20240215;100926;590.850000000;1;9600686914;S
20240215;100927;590.850000000;1630;9600687136;S
20240215;100927;590.850000000;1103;9600687137;S
20240215;100927;590.850000000;1;9600687138;S
20240215;100927;590.850000000;80;9600687139;S
20240215;100927;590.850000000;5;9600687140;S
20240215;100927;590.850000000;5;9600687141;S
20240215;100927;590.750000000;118;9600687191;S
20240215;100927;590.750000000;182;9600687192;S
20240215;100927;590.750000000;264;9600687196;S
20240215;100927;590.850000000;6;9600687198;B
20240215;100929;590.800000000;8;9600687624;B
20240215;100929;590.800000000;100;9600687654;B
20240215;100929;590.750000000;51;9600687714;S
20240215;100932;590.800000000;1;9600688108;B
20240215;100932;590.800000000;3;9600688188;B
20240215;100933;590.750000000;8;9600688196;S
20240215;100933;590.750000000;2;9600688214;S
20240215;100933;590.800000000;2;9600688247;B
20240215;100934;590.750000000;2;9600688394;S
20240215;100936;590.800000000;1;9600688506;B
20240215;100936;590.750000000;509;9600688574;B
20240215;100936;590.800000000;111;9600688575;B
20240215;100936;590.800000000;423;9600688576;B
20240215;100936;590.850000000;135;9600688577;B
20240215;100936;590.850000000;99;9600688578;B
20240215;100936;590.950000000;1;9600688586;B
20240215;100937;590.850000000;30;9600688735;S
20240215;100938;590.850000000;3693;9600688789;S
20240215;100938;590.800000000;111;9600688790;S
20240215;100938;590.700000000;250;9600688791;S
20240215;100938;590.700000000;11;9600688792;S
20240215;100938;590.650000000;500;9600688793;S
20240215;100938;590.600000000;446;9600688794;S
20240215;100938;590.600000000;100;9600688795;S
20240215;100938;590.550000000;80;9600688796;S
20240215;100938;590.500000000;1;9600688797;S
20240215;100938;590.500000000;1;9600688798;S
20240215;100938;590.450000000;2;9600688799;S
20240215;100938;590.450000000;2;9600688800;S
20240215;100938;590.350000000;423;9600688801;S
20240215;100938;590.350000000;135;9600688802;S
20240215;100938;590.300000000;10;9600688803;S
20240215;100938;590.300000000;100;9600688804;S
20240215;100938;590.300000000;12;9600688805;S
20240215;100938;590.300000000;135;9600688806;S
20240215;100938;590.250000000;1;9600688807;S
20240215;100938;590.250000000;4;9600688808;S
20240215;100938;590.250000000;10;9600688809;S
20240215;100938;590.250000000;30;9600688810;S
20240215;100938;590.250000000;135;9600688811;S
20240215;100938;590.200000000;10;9600688812;S
20240215;100938;590.200000000;179;9600688813;S
20240215;100938;590.150000000;2;9600688814;S
20240215;100938;590.150000000;10;9600688815;S
20240215;100938;590.150000000;1;9600688816;S
20240215;100938;590.150000000;106;9600688817;S
20240215;100938;590.200000000;89;9600688819;S
20240215;100938;590.150000000;111;9600688820;S
20240215;100941;590.200000000;18;9600689211;S
20240215;100942;590.250000000;1;9600689454;B
20240215;100942;590.250000000;2;9600689478;B
20240215;100943;590.250000000;2;9600689600;B
20240215;100944;590.250000000;2;9600689671;B
20240215;100944;590.200000000;2;9600689686;S
20240215;100944;590.250000000;193;9600689708;B
20240215;100944;590.250000000;112;9600689709;B
20240215;100946;590.350000000;66;9600689873;B
20240215;100946;590.350000000;2;9600690086;B
20240215;100948;590.350000000;10;9600690308;B
20240215;100948;590.350000000;1;9600690316;B
20240215;100948;590.300000000;20;9600690395;S
20240215;100948;590.300000000;45;9600690396;S
20240215;100948;590.300000000;85;9600690397;S
20240215;100949;590.300000000;22;9600690439;S
20240215;100949;590.250000000;14;9600690440;S
20240215;100949;590.350000000;4;9600690444;B
20240215;100949;590.250000000;2;9600690489;S
20240215;100952;590.300000000;3;9600690921;S
20240215;100953;590.350000000;17;9600691047;B
20240215;100953;590.350000000;6;9600691048;B
20240215;100953;590.450000000;367;9600691049;B
20240215;100954;590.300000000;8;9600691326;S
20240215;100954;590.300000000;3;9600691327;S
20240215;100955;590.350000000;6;9600691605;S
20240215;100955;590.300000000;9;9600691606;S
20240215;100958;590.500000000;1;9600692320;B
20240215;100958;590.500000000;1;9600692335;B
20240215;100958;590.500000000;36;9600692377;B
20240215;101000;590.500000000;23;9600692791;B
20240215;101004;590.500000000;45;9600693411;S
20240215;101004;590.500000000;97;9600693564;S
20240215;101004;590.450000000;73;9600693565;S
20240215;101006;590.500000000;50;9600693780;S
20240215;101008;590.550000000;1;9600694066;B
20240215;101009;590.500000000;5;9600694202;S
20240215;101009;590.500000000;25;9600694203;S
20240215;101009;590.450000000;10;9600694204;S
20240215;101009;590.450000000;60;9600694205;S
20240215;101009;590.550000000;1;9600694249;B
20240215;101010;590.400000000;20;9600694358;S
20240215;101010;590.550000000;1;9600694431;B
20240215;101010;590.550000000;1;9600694432;B
20240215;101010;590.550000000;10;9600694433;B
20240215;101012;590.550000000;2;9600694659;B
20240215;101014;590.550000000;2;9600695072;B
20240215;101015;590.550000000;2;9600695090;B
20240215;101016;590.500000000;10;9600695246;S
20240215;101017;590.550000000;1;9600695341;B
20240215;101017;590.550000000;2;9600695358;B
20240215;101018;590.550000000;10;9600695466;B
20240215;101018;590.550000000;1;9600695499;B
20240215;101019;590.550000000;238;9600695523;B
20240215;101019;590.600000000;132;9600695524;B
20240215;101019;590.600000000;68;9600695525;B
20240215;101019;590.500000000;5;9600695663;S
20240215;101019;590.500000000;25;9600695664;S
20240215;101019;590.500000000;17;9600695665;B
20240215;101019;590.500000000;803;9600695666;B
20240215;101020;590.700000000;1;9600695773;B
20240215;101020;590.700000000;6;9600695829;B
20240215;101023;590.650000000;3;9600696326;S
20240215;101023;590.700000000;1;9600696480;B
20240215;101024;590.650000000;57;9600696701;S
20240215;101028;590.650000000;3;9600697726;S
20240215;101031;590.650000000;2;9600698239;S
20240215;101032;590.700000000;12;9600698409;B
20240215;101032;590.700000000;8;9600698410;B
20240215;101033;590.700000000;2;9600698491;B
20240215;101033;590.650000000;3;9600698492;S
20240215;101036;590.650000000;3;9600698908;S
20240215;101036;590.700000000;50;9600698923;B
20240215;101039;590.750000000;1;9600699318;B
20240215;101039;590.750000000;2;9600699343;B
20240215;101040;590.750000000;10;9600699478;B
20240215;101040;590.700000000;2;9600699640;S
20240215;101040;590.700000000;2;9600699644;S
20240215;101041;590.700000000;4;9600699681;S
20240215;101042;590.700000000;5;9600699853;S
20240215;101044;590.750000000;1;9600700288;B
20240215;101044;590.750000000;1;9600700362;B
20240215;101045;590.750000000;22;9600700424;B
20240215;101045;590.700000000;18;9600700456;S
20240215;101045;590.750000000;98;9600700507;B
20240215;101045;590.750000000;423;9600700508;B
20240215;101045;590.750000000;16;9600700509;B
20240215;101046;590.800000000;61;9600700678;B
20240215;101048;590.800000000;34;9600701014;B
20240215;101050;590.700000000;3;9600701362;S
20240215;101053;590.800000000;1;9600701740;B
20240215;101054;590.800000000;1;9600701874;B
20240215;101056;590.750000000;2;9600702030;B
20240215;101056;590.750000000;2;9600702044;B
20240215;101056;590.700000000;60;9600702133;S
20240215;101057;590.750000000;6;9600702238;B
20240215;101058;590.750000000;10;9600702343;B
20240215;101059;590.750000000;12;9600702375;B
20240215;101100;590.700000000;2;9600702499;S
20240215;101101;590.750000000;3;9600702698;B
20240215;101101;590.750000000;32;9600702758;B
20240215;101102;590.750000000;1;9600702937;B
20240215;101104;590.750000000;71;9600703376;B
20240215;101104;590.750000000;423;9600703377;B
20240215;101104;590.800000000;38;9600703378;B
20240215;101104;590.800000000;50;9600703379;B
20240215;101104;590.800000000;111;9600703380;B
20240215;101104;590.850000000;300;9600703381;B
20240215;101104;590.850000000;135;9600703382;B
20240215;101104;590.850000000;160;9600703383;B
20240215;101104;590.900000000;3;9600703384;B
20240215;101104;590.900000000;150;9600703385;B
20240215;101104;590.900000000;200;9600703386;B
20240215;101104;591.000000000;1695;9600703387;B
20240215;101104;591.000000000;1;9600703388;B
20240215;101104;591.000000000;3;9600703389;B
20240215;101104;591.000000000;50;9600703390;B
20240215;101104;591.000000000;104;9600703391;S
20240215;101104;591.000000000;201;9600703392;S
20240215;101104;591.000000000;1305;9600703393;S
20240215;101105;590.900000000;11;9600703427;B
20240215;101106;590.800000000;1;9600703582;B
20240215;101109;590.750000000;3;9600704074;S
20240215;101110;590.800000000;59;9600704179;B
20240215;101110;590.750000000;2;9600704180;S
20240215;101110;590.750000000;29;9600704276;S
20240215;101110;590.750000000;1;9600704298;B
20240215;101110;590.750000000;41;9600704299;B
20240215;101112;590.700000000;1;9600704463;S
20240215;101112;590.750000000;20;9600704505;B
20240215;101112;590.750000000;1;9600704564;B
20240215;101114;590.700000000;24;9600704771;S
20240215;101114;590.700000000;1;9600704772;S
20240215;101114;590.650000000;175;9600704773;S
20240215;101114;590.650000000;200;9600704774;S
20240215;101114;590.650000000;100;9600704775;S
20240215;101115;590.700000000;135;9600704951;B
20240215;101115;590.750000000;65;9600704952;B
20240215;101116;590.700000000;1;9600705193;B
20240215;101116;590.700000000;1;9600705215;B
20240215;101116;590.700000000;2;9600705234;B
20240215;101116;590.650000000;3;9600705277;S
20240215;101117;590.700000000;79;9600705293;B
20240215;101119;590.700000000;1;9600705567;B
20240215;101119;590.650000000;3;9600705632;S
20240215;101120;590.700000000;2;9600705803;B
20240215;101120;590.700000000;1;9600705810;B
20240215;101120;590.700000000;4;9600705865;B
20240215;101121;590.650000000;1;9600705965;S
20240215;101122;590.650000000;12;9600706188;S
20240215;101122;590.650000000;1;9600706300;S
20240215;101122;590.700000000;1;9600706383;B
20240215;101123;590.650000000;85;9600706394;S
20240215;101124;590.700000000;1;9600706582;B
20240215;101124;590.650000000;3;9600706727;S
20240215;101126;590.700000000;1;9600707022;B
20240215;101127;590.650000000;1;9600707090;S
20240215;101128;590.650000000;3;9600707190;S
20240215;101128;590.700000000;8;9600707376;B
20240215;101128;590.700000000;2;9600707377;B
20240215;101129;590.750000000;109;9600707397;B
20240215;101129;590.800000000;75;9600707398;B
20240215;101129;590.800000000;66;9600707399;B
20240215;101132;590.800000000;1;9600708034;B
20240215;101136;590.800000000;1;9600708522;B
20240215;101139;590.800000000;8;9600708821;B
20240215;101139;590.800000000;46;9600708822;B
20240215;101139;590.800000000;117;9600708823;B
20240215;101139;590.850000000;30;9600708824;B
20240215;101139;590.850000000;135;9600708825;B
20240215;101139;590.850000000;8;9600708826;S
20240215;101139;590.850000000;176;9600708828;S
20240215;101139;590.850000000;4;9600708912;S
20240215;101139;590.850000000;3;9600708946;S
20240215;101141;590.850000000;50;9600709131;S
20240215;101142;590.850000000;1;9600709249;S
20240215;101143;590.900000000;1;9600709325;B
20240215;101143;590.900000000;4;9600709326;B
20240215;101144;590.900000000;19;9600709535;S
20240215;101144;591.000000000;20;9600709564;B
20240215;101146;591.000000000;1;9600709820;B
20240215;101149;590.950000000;2;9600710247;B
20240215;101149;591.000000000;4;9600710300;B
20240215;101151;590.900000000;6;9600710535;S
20240215;101152;590.950000000;4;9600710615;B
20240215;101152;590.950000000;1;9600710628;B
20240215;101156;591.000000000;1;9600711242;B
20240215;101156;590.900000000;150;9600711245;S
20240215;101157;591.000000000;1;9600711355;B
20240215;101157;591.000000000;6;9600711369;B
20240215;101158;591.000000000;267;9600711479;B
20240215;101158;591.000000000;80;9600711480;B
20240215;101158;591.000000000;100;9600711481;B
20240215;101158;591.000000000;3;9600711482;B
20240215;101158;591.050000000;5;9600711483;B
20240215;101158;591.050000000;45;9600711484;B
20240215;101158;591.050000000;5;9600711487;B
20240215;101158;591.000000000;2;9600711577;B
20240215;101200;591.100000000;10;9600711809;B
20240215;101200;590.950000000;3;9600711823;S
20240215;101201;591.100000000;1;9600711971;B
20240215;101202;591.050000000;1;9600712228;B
20240215;101206;591.050000000;3;9600712888;B
20240215;101208;591.050000000;3;9600713272;B
20240215;101210;591.050000000;70;9600713468;B
20240215;101210;590.950000000;8;9600713639;S
20240215;101211;591.100000000;2;9600713702;B
20240215;101211;591.100000000;2;9600713729;B
20240215;101212;590.950000000;35;9600713888;S
20240215;101213;590.950000000;9;9600713964;S
20240215;101213;590.950000000;118;9600713965;S
20240215;101213;590.950000000;44;9600713966;B
20240215;101213;591.000000000;27;9600714009;S
20240215;101213;591.000000000;54;9600714010;S
20240215;101213;591.000000000;28;9600714011;S
20240215;101213;591.000000000;24;9600714012;S
20240215;101213;591.000000000;82;9600714013;S
20240215;101213;591.000000000;80;9600714014;S
20240215;101213;591.000000000;32;9600714016;S
20240215;101213;591.000000000;28;9600714017;S
20240215;101213;591.000000000;49;9600714018;S
20240215;101213;591.000000000;135;9600714021;S
20240215;101213;591.000000000;62;9600714022;S
20240215;101213;591.000000000;39;9600714023;S
20240215;101213;591.000000000;28;9600714024;S
20240215;101213;591.000000000;90;9600714025;S
20240215;101213;591.000000000;41;9600714026;S
20240215;101213;591.000000000;79;9600714027;S
20240215;101213;590.950000000;54;9600714028;S
20240215;101213;590.950000000;26;9600714029;S
20240215;101213;590.950000000;32;9600714032;S
20240215;101213;590.950000000;50;9600714033;S
20240215;101213;590.950000000;28;9600714034;S
20240215;101213;590.900000000;21;9600714035;S
20240215;101213;590.900000000;79;9600714036;S
20240215;101213;590.900000000;546;9600714037;S
20240215;101213;590.900000000;360;9600714038;S
20240215;101213;590.900000000;43;9600714039;S
20240215;101213;590.900000000;15;9600714040;S
20240215;101213;590.850000000;692;9600714041;S
20240215;101213;590.850000000;134;9600714043;S
20240215;101213;590.850000000;144;9600714044;S
20240215;101213;590.850000000;53;9600714045;S
20240215;101213;590.850000000;30;9600714046;S
20240215;101213;590.850000000;26;9600714047;S
20240215;101214;591.100000000;6;9600714123;B
20240215;101216;591.050000000;10;9600714676;B
20240215;101216;591.050000000;35;9600714677;B
20240215;101216;590.900000000;414;9600714802;S
20240215;101216;590.850000000;617;9600714803;S
20240215;101217;590.950000000;2;9600714858;B
20240215;101218;590.950000000;1;9600715057;B
20240215;101218;590.950000000;5;9600715156;B
20240215;101218;590.950000000;40;9600715206;B
20240215;101219;590.950000000;1;9600715251;B
20240215;101219;590.950000000;1;9600715289;B
20240215;101219;591.100000000;4;9600715290;B
20240215;101223;590.900000000;9;9600716031;S
20240215;101224;591.000000000;1;9600716146;B
20240215;101224;591.000000000;1;9600716147;B
20240215;101226;591.000000000;1;9600716357;B
20240215;101226;591.000000000;1;9600716358;B
20240215;101226;591.000000000;1;9600716359;B
20240215;101226;591.000000000;1;9600716360;B
20240215;101226;591.000000000;1;9600716361;B
20240215;101226;591.000000000;1;9600716362;B
20240215;101226;591.000000000;4;9600716363;B
20240215;101226;591.050000000;7;9600716364;B
20240215;101228;591.000000000;40;9600716680;B
20240215;101229;591.000000000;1;9600716926;B
20240215;101229;591.000000000;1;9600716927;B
20240215;101230;591.000000000;1;9600717098;S
20240215;101231;591.000000000;3;9600717119;S
20240215;101231;591.050000000;2;9600717178;B
20240215;101232;591.000000000;1;9600717190;S
20240215;101232;591.100000000;1;9600717220;B
20240215;101232;591.100000000;1;9600717312;B
20240215;101233;591.050000000;1;9600717440;S
20240215;101234;591.050000000;1;9600717642;S
20240215;101235;591.100000000;2;9600717754;B
20240215;101236;591.100000000;4;9600717862;B
20240215;101236;591.050000000;1;9600717902;S
20240215;101237;591.050000000;7;9600717974;S
20240215;101237;591.050000000;3;9600717975;S
20240215;101237;591.100000000;3;9600718017;B
20240215;101238;591.100000000;1;9600718147;B
20240215;101239;591.050000000;1;9600718179;S
20240215;101239;591.100000000;1;9600718188;B
20240215;101240;591.000000000;39;9600718289;S
20240215;101241;591.050000000;2;9600718391;S
20240215;101241;591.100000000;3;9600718457;B
20240215;101242;591.050000000;2;9600718535;S
20240215;101242;591.100000000;100;9600718560;B
20240215;101242;591.100000000;100;9600718561;B
20240215;101245;591.100000000;159;9600719021;B
20240215;101245;591.100000000;19;9600719022;B
20240215;101245;591.100000000;37;9600719023;B
20240215;101245;591.050000000;1;9600719059;S
20240215;101245;591.100000000;4;9600719068;B
20240215;101245;591.100000000;6;9600719069;B
20240215;101247;591.100000000;1;9600719338;B
20240215;101249;591.100000000;1;9600719537;B
20240215;101249;591.100000000;1;9600719566;B
20240215;101249;591.050000000;1;9600719618;S
20240215;101250;591.100000000;1;9600719840;B
20240215;101251;591.050000000;4;9600719854;S
20240215;101251;591.000000000;96;9600719855;S
20240215;101251;591.100000000;3;9600719857;B
20240215;101254;591.100000000;50;9600720260;B
20240215;101254;591.100000000;2;9600720293;B
20240215;101256;591.100000000;1;9600720592;B
20240215;101257;591.050000000;10;9600720717;S
20240215;101257;591.000000000;50;9600720718;S
20240215;101258;591.000000000;10;9600720740;S
20240215;101259;591.000000000;70;9600720898;S
20240215;101259;591.100000000;1;9600721004;B
20240215;101300;591.100000000;1;9600721082;B
20240215;101302;591.050000000;1;9600721303;B
20240215;101302;591.000000000;18;9600721362;S
20240215;101304;591.100000000;1;9600721497;B
20240215;101304;591.050000000;3;9600721569;B
20240215;101311;591.100000000;1;9600722265;B
20240215;101314;591.000000000;8;9600722850;S
20240215;101317;591.000000000;1;9600723199;S
20240215;101317;591.000000000;30;9600723247;S
20240215;101317;591.050000000;4;9600723250;B
20240215;101317;591.000000000;82;9600723329;S
20240215;101317;591.000000000;1001;9600723334;S
20240215;101319;591.100000000;2;9600723497;B
20240215;101320;591.000000000;21;9600723600;S
20240215;101321;591.050000000;3;9600723683;B
20240215;101322;591.050000000;1;9600723810;B
20240215;101324;591.000000000;2;9600723967;S
20240215;101324;591.000000000;85;9600723976;S
20240215;101325;591.050000000;3;9600724085;B
20240215;101326;591.000000000;500;9600724308;S
20240215;101326;591.050000000;3;9600724359;B
20240215;101326;591.100000000;7;9600724360;B
20240215;101328;591.000000000;41;9600724714;S
20240215;101332;591.100000000;4;9600725538;B
20240215;101333;591.100000000;1;9600725574;B
20240215;101333;591.100000000;1;9600725644;B
20240215;101334;591.050000000;3;9600725733;S
20240215;101334;591.000000000;97;9600725734;S
20240215;101335;591.050000000;2;9600725891;B
20240215;101336;591.050000000;7;9600725972;B
20240215;101336;591.000000000;3;9600725974;S
20240215;101336;591.000000000;60;9600726075;S
20240215;101337;591.000000000;15;9600726279;S
20240215;101338;591.000000000;1;9600726427;S
20240215;101338;591.000000000;607;9600726428;S
20240215;101339;591.000000000;2;9600726514;S
20240215;101339;591.000000000;163;9600726515;S
20240215;101339;591.000000000;1;9600726516;S
20240215;101339;591.000000000;16;9600726517;S
20240215;101339;591.000000000;90;9600726555;S
20240215;101339;591.000000000;4;9600726557;S
20240215;101339;591.000000000;1;9600726558;S
20240215;101339;591.000000000;7;9600726561;S
20240215;101339;591.000000000;1;9600726566;S
20240215;101339;591.000000000;24;9600726702;S
20240215;101339;591.000000000;1;9600726840;S
20240215;101339;591.000000000;156;9600726841;S
20240215;101340;591.000000000;56;9600726902;S
20240215;101340;591.050000000;2;9600726916;B
20240215;101340;591.000000000;1;9600726917;S
20240215;101340;591.000000000;1;9600726918;S
20240215;101340;591.000000000;78;9600727038;S
20240215;101341;591.000000000;168;9600727112;S
20240215;101341;591.000000000;176;9600727219;S
20240215;101341;591.000000000;8;9600727274;S
20240215;101342;591.000000000;1;9600727287;S
20240215;101342;591.000000000;1;9600727297;S
20240215;101342;591.000000000;12;9600727424;S
20240215;101342;591.000000000;112;9600727425;S
20240215;101343;591.000000000;38;9600727574;S
20240215;101343;591.000000000;17;9600727575;S
20240215;101343;591.050000000;1;9600727629;B
20240215;101343;591.000000000;4;9600727630;S
20240215;101343;591.000000000;82;9600727671;S
20240215;101344;591.000000000;1;9600727737;S
20240215;101344;591.000000000;934;9600727771;S
20240215;101344;591.000000000;222;9600727772;S
20240215;101344;591.000000000;50;9600727773;S
20240215;101344;590.900000000;1;9600727774;S
20240215;101344;590.900000000;1;9600727775;S
20240215;101344;590.900000000;25;9600727776;S
20240215;101344;590.900000000;50;9600727777;S
20240215;101346;590.900000000;4;9600727997;B
20240215;101346;590.900000000;2;9600728028;B
20240215;101347;590.900000000;1;9600728165;B
20240215;101347;590.900000000;3;9600728231;B
20240215;101347;590.900000000;7;9600728232;B
20240215;101348;590.900000000;10;9600728262;B
20240215;101349;590.900000000;1;9600728434;B
20240215;101350;590.850000000;108;9600728827;S
20240215;101350;590.850000000;1;9600728828;S
20240215;101351;590.900000000;1;9600728892;B
20240215;101351;590.850000000;1;9600728893;S
20240215;101351;590.850000000;1;9600728907;S
20240215;101351;590.850000000;2;9600728983;S
20240215;101351;590.850000000;95;9600728984;S
20240215;101351;590.850000000;130;9600729024;S
20240215;101351;590.850000000;3;9600729041;S
20240215;101351;590.850000000;11;9600729042;S
20240215;101352;590.850000000;23;9600729083;S
20240215;101352;590.850000000;1;9600729111;S
20240215;101352;590.850000000;1;9600729112;S
20240215;101352;590.850000000;1;9600729182;S
20240215;101353;590.850000000;1;9600729242;S
20240215;101353;590.900000000;1;9600729253;B
20240215;101353;590.850000000;1;9600729299;S
20240215;101354;590.850000000;1;9600729350;S
20240215;101354;590.850000000;5;9600729364;S
20240215;101354;590.850000000;1;9600729381;S
20240215;101354;590.850000000;171;9600729382;S
20240215;101355;590.900000000;2;9600729477;B
20240215;101355;590.850000000;1;9600729479;S
20240215;101355;590.850000000;11;9600729523;S
20240215;101356;590.850000000;40;9600729712;S
20240215;101356;590.850000000;1;9600729713;S
20240215;101356;590.850000000;1;9600729743;S
20240215;101356;590.850000000;14;9600729758;S
20240215;101356;590.850000000;200;9600729759;S
20240215;101356;590.850000000;35;9600729790;S
20240215;101356;590.850000000;3;9600729835;S
20240215;101357;590.900000000;1;9600729840;B
20240215;101357;590.900000000;2;9600729888;B
20240215;101357;590.850000000;1;9600729889;S
20240215;101357;590.900000000;50;9600729924;B
20240215;101357;590.850000000;242;9600729925;S
20240215;101357;590.850000000;1;9600729969;S
20240215;101358;590.900000000;3;9600730005;B
20240215;101358;590.850000000;3;9600730006;S
20240215;101358;590.900000000;3;9600730080;B
20240215;101358;590.850000000;1;9600730081;S
20240215;101359;590.850000000;1;9600730198;S
20240215;101359;590.850000000;264;9600730199;S
20240215;101400;590.900000000;10;9600730329;B
20240215;101400;590.850000000;1;9600730330;S
20240215;101400;590.850000000;249;9600730331;S
20240215;101400;590.850000000;1;9600730374;S
20240215;101400;590.900000000;13;9600730406;B
20240215;101401;590.850000000;1;9600730457;S
20240215;101401;590.850000000;10;9600730458;S
20240215;101401;590.850000000;2;9600730570;S
20240215;101401;590.850000000;1;9600730631;S
20240215;101403;590.900000000;10;9600730884;B
20240215;101403;590.850000000;1;9600730885;S
20240215;101403;590.900000000;21;9600730955;B
20240215;101403;590.900000000;12;9600730956;B
20240215;101403;590.900000000;1;9600730965;B
20240215;101405;590.900000000;15;9600731225;B
20240215;101405;590.900000000;10;9600731226;B
20240215;101405;590.900000000;25;9600731227;B
20240215;101405;590.850000000;114;9600731228;S
20240215;101405;590.850000000;1;9600731229;S
20240215;101405;590.850000000;6;9600731262;S
20240215;101405;590.850000000;83;9600731263;S
20240215;101406;590.850000000;3;9600731293;S
20240215;101406;590.850000000;198;9600731334;S
20240215;101406;590.850000000;6;9600731400;S
20240215;101407;590.850000000;123;9600731534;S
20240215;101408;590.850000000;34;9600731566;S
20240215;101408;590.850000000;47;9600731579;S
20240215;101409;590.850000000;468;9600731788;S
20240215;101409;590.850000000;83;9600731789;S
20240215;101409;590.700000000;10;9600731905;S
20240215;101411;590.700000000;10;9600732054;S
20240215;101413;590.700000000;2;9600732546;S
20240215;101413;590.750000000;1;9600732700;B
20240215;101415;590.750000000;1;9600733152;B
20240215;101417;590.750000000;1;9600733491;B
20240215;101417;590.750000000;4;9600733492;B
20240215;101417;590.700000000;38;9600733521;S
20240215;101417;590.700000000;2;9600733522;S
20240215;101417;590.700000000;17;9600733523;S
20240215;101417;590.700000000;10;9600733524;S
20240215;101417;590.700000000;10;9600733525;S
20240215;101417;590.650000000;80;9600733636;S
20240215;101419;590.650000000;25;9600733896;S
20240215;101419;590.700000000;6;9600733910;B
20240215;101419;590.700000000;40;9600733924;B
20240215;101419;590.700000000;2;9600733931;B
20240215;101419;590.650000000;80;9600733943;S
20240215;101419;590.650000000;3;9600733944;S
20240215;101419;590.650000000;3;9600733974;S
20240215;101419;590.700000000;2;9600733995;B
20240215;101419;590.650000000;1;9600733996;S
20240215;101420;590.650000000;286;9600734021;S
20240215;101420;590.700000000;2;9600734056;B
20240215;101420;590.650000000;40;9600734061;S
20240215;101420;590.700000000;2;9600734062;B
20240215;101420;590.650000000;1;9600734069;S
20240215;101421;590.650000000;1;9600734194;S
20240215;101421;590.650000000;69;9600734213;S
20240215;101423;590.650000000;4;9600734465;S
20240215;101423;590.650000000;10;9600734466;S
20240215;101423;590.650000000;186;9600734467;S
20240215;101423;590.700000000;60;9600734471;B
20240215;101424;590.650000000;3;9600734647;S
20240215;101425;590.650000000;2;9600734689;S
20240215;101426;590.650000000;22;9600734964;S
20240215;101427;590.650000000;2;9600735009;S
20240215;101427;590.700000000;1;9600735013;B
20240215;101427;590.650000000;300;9600735059;S
20240215;101428;590.650000000;2000;9600735089;S
20240215;101428;590.650000000;359;9600735090;S
20240215;101428;590.650000000;4;9600735128;S
20240215;101428;590.650000000;158;9600735129;S
20240215;101428;590.650000000;66;9600735130;S
20240215;101428;590.650000000;54;9600735246;S
20240215;101428;590.650000000;1;9600735247;S
20240215;101428;590.650000000;2;9600735250;S
20240215;101429;590.650000000;14;9600735269;S
20240215;101429;590.650000000;1;9600735273;S
20240215;101429;590.700000000;10;9600735282;B
20240215;101429;590.650000000;18;9600735283;S
20240215;101429;590.650000000;1;9600735284;S
20240215;101429;590.650000000;34;9600735333;S
20240215;101429;590.650000000;4;9600735339;S
20240215;101429;590.650000000;4;9600735340;S
20240215;101429;590.650000000;1;9600735391;S
20240215;101430;590.650000000;39;9600735399;S
20240215;101430;590.650000000;1;9600735472;S
20240215;101430;590.650000000;156;9600735473;S
20240215;101430;590.700000000;4;9600735553;B
20240215;101430;590.650000000;2;9600735556;S
20240215;101431;590.650000000;26;9600735676;S
20240215;101431;590.650000000;263;9600735677;S
20240215;101431;590.650000000;25;9600735678;S
20240215;101431;590.650000000;112;9600735679;S
20240215;101431;590.650000000;4;9600735680;S
20240215;101432;590.650000000;1;9600735718;S
20240215;101432;590.650000000;311;9600735719;S
20240215;101432;590.650000000;1;9600735720;S
20240215;101432;590.650000000;3;9600735792;S
20240215;101432;590.650000000;9;9600735793;S
20240215;101433;590.650000000;3;9600735845;S
20240215;101433;590.650000000;36;9600735846;S
20240215;101433;590.650000000;142;9600735902;S
20240215;101434;590.650000000;1;9600735954;S
20240215;101434;590.650000000;1;9600735955;S
20240215;101434;590.700000000;5;9600735998;B
20240215;101434;590.650000000;197;9600735999;S
20240215;101434;590.650000000;52;9600736000;S
20240215;101434;590.650000000;12;9600736005;S
20240215;101434;590.650000000;10;9600736023;S
20240215;101434;590.650000000;1;9600736024;S
20240215;101434;590.650000000;129;9600736119;S
20240215;101434;590.650000000;1;9600736121;S
20240215;101435;590.650000000;27;9600736168;S
20240215;101435;590.650000000;3;9600736230;S
20240215;101435;590.650000000;3;9600736231;S
20240215;101435;590.650000000;3;9600736258;S
20240215;101436;590.650000000;98;9600736322;S
20240215;101436;590.650000000;7;9600736329;S
20240215;101436;590.650000000;1;9600736362;S
20240215;101436;590.650000000;31;9600736363;S
20240215;101437;590.650000000;101;9600736454;S
20240215;101437;590.650000000;25;9600736455;S
20240215;101437;590.650000000;1;9600736456;S
20240215;101437;590.650000000;2;9600736457;S
20240215;101437;590.650000000;20;9600736458;S
20240215;101437;590.650000000;4;9600736459;S
20240215;101437;590.600000000;1;9600736465;S
20240215;101437;590.550000000;4;9600736510;S
20240215;101437;590.550000000;3;9600736511;S
20240215;101437;590.550000000;93;9600736512;S
20240215;101438;590.600000000;4;9600736599;B
20240215;101442;590.600000000;2;9600737041;B
20240215;101443;590.600000000;507;9600737168;B
20240215;101443;590.600000000;1;9600737169;B
20240215;101443;590.650000000;5;9600737170;B
20240215;101443;590.650000000;50;9600737171;B
20240215;101443;590.650000000;135;9600737172;B
20240215;101443;590.650000000;200;9600737173;B
20240215;101444;590.650000000;5;9600737225;S
20240215;101444;590.700000000;1;9600737318;B
20240215;101445;590.700000000;1;9600737419;B
20240215;101446;590.700000000;5;9600737515;B
20240215;101447;590.700000000;2;9600737812;B
20240215;101448;590.650000000;9;9600737913;S
20240215;101448;590.700000000;5;9600737951;B
20240215;101451;590.650000000;3;9600738585;S
20240215;101453;590.700000000;8;9600739061;B
20240215;101453;590.700000000;37;9600739062;B
20240215;101454;590.700000000;4;9600739240;B
20240215;101455;590.700000000;109;9600739353;B
20240215;101455;590.700000000;40;9600739354;B
20240215;101455;590.700000000;160;9600739355;B
20240215;101455;590.700000000;108;9600739356;B
20240215;101455;590.750000000;129;9600739357;B
20240215;101455;590.800000000;135;9600739358;B
20240215;101455;590.800000000;200;9600739359;B
20240215;101455;590.800000000;423;9600739360;B
20240215;101455;590.850000000;7;9600739361;B
20240215;101455;590.850000000;5;9600739362;B
20240215;101455;590.850000000;135;9600739363;B
20240215;101455;590.900000000;5;9600739364;B
20240215;101455;590.950000000;509;9600739365;B
20240215;101455;591.000000000;100;9600739366;B
20240215;101455;591.000000000;7;9600739367;B
20240215;101455;591.000000000;2;9600739368;B
20240215;101455;591.000000000;485;9600739369;B
20240215;101455;591.050000000;441;9600739370;B
20240215;101458;590.700000000;45;9600739915;S
20240215;101500;590.800000000;48;9600740111;B
20240215;101500;590.850000000;36;9600740112;B
20240215;101501;590.800000000;48;9600740257;B
20240215;101501;590.850000000;230;9600740258;B
20240215;101501;590.850000000;142;9600740261;B
20240215;101501;590.900000000;150;9600740262;B
20240215;101501;590.950000000;58;9600740263;B
20240215;101501;590.950000000;19;9600740264;B
20240215;101501;590.950000000;42;9600740265;B
20240215;101502;590.700000000;100;9600740447;S
20240215;101502;590.850000000;21;9600740513;B
20240215;101502;590.850000000;25;9600740514;B
20240215;101502;590.850000000;248;9600740529;B
20240215;101502;590.850000000;144;9600740530;B
20240215;101502;590.900000000;150;9600740531;B
20240215;101502;590.900000000;3;9600740532;B
20240215;101502;590.950000000;53;9600740533;B
20240215;101502;590.950000000;35;9600740537;B
20240215;101502;590.950000000;2;9600740572;B
20240215;101505;590.950000000;350;9600741283;B
20240215;101506;590.900000000;93;9600741321;B
20240215;101510;590.950000000;28;9600742306;B
20240215;101513;590.900000000;1;9600742726;B
20240215;101513;590.850000000;1;9600742772;B
20240215;101517;590.850000000;1;9600743844;B
20240215;101522;590.700000000;30;9600745283;S
20240215;101522;590.650000000;570;9600745284;S
20240215;101523;590.700000000;7;9600745979;B
20240215;101523;590.650000000;170;9600745988;S
20240215;101523;590.650000000;39;9600745989;S
20240215;101523;590.650000000;1;9600746011;S
