<DATE>;<TIME>;<LAST>;<VOL>;<ID>;<OPER>
20240213;095934;590.000000000;1;9591009409;S
20240213;095934;590.000000000;1;9591009410;S
20240213;095934;590.000000000;5;9591009411;S
20240213;095934;590.000000000;4;9591009412;S
20240213;095934;590.000000000;2;9591009413;S
20240213;095934;590.000000000;10;9591009414;S
20240213;095934;590.000000000;1;9591009415;B
20240213;095934;590.000000000;3;9591009416;B
20240213;095934;590.000000000;75;9591009417;B
20240213;095934;590.000000000;3;9591009418;B
20240213;095934;590.000000000;5;9591009419;B
20240213;095934;590.000000000;3;9591009420;B
20240213;095934;590.000000000;6;9591009421;S
20240213;095934;590.000000000;4;9591009422;S
20240213;095934;590.000000000;5;9591009423;S
20240213;095934;590.000000000;6;9591009424;S
20240213;095934;590.000000000;1;9591009425;S
20240213;095934;590.000000000;3;9591009426;S
20240213;095934;590.000000000;2;9591009427;B
20240213;095934;590.000000000;3;9591009428;B
20240213;095934;590.000000000;3;9591009429;B
20240213;095934;590.000000000;4;9591009430;B
20240213;095934;590.000000000;1;9591009431;B
20240213;095934;590.000000000;2;9591009432;B
20240213;095934;590.000000000;2;9591009433;B
20240213;095934;590.000000000;2;9591009434;B
20240213;095934;590.000000000;2;9591009435;B
20240213;095934;590.000000000;1;9591009436;B
20240213;095934;590.000000000;3;9591009437;B
20240213;095934;590.000000000;2;9591009438;B
20240213;095934;590.000000000;2;9591009439;B
20240213;095934;590.000000000;2;9591009440;B
20240213;095934;590.000000000;2;9591009441;B
20240213;095934;590.000000000;2;9591009442;B
20240213;095934;590.000000000;1;9591009443;B
20240213;095934;590.000000000;1;9591009444;B
20240213;095934;590.000000000;1;9591009445;B
20240213;095934;590.000000000;1;9591009446;B
20240213;095934;590.000000000;1;9591009447;B
20240213;095934;590.000000000;2;9591009448;B
20240213;095934;590.000000000;2;9591009449;B
20240213;095934;590.000000000;2;9591009450;B
20240213;095934;590.000000000;1;9591009451;B
20240213;095934;590.000000000;1;9591009452;B
20240213;095934;590.000000000;1;9591009453;B
20240213;095934;590.000000000;1;9591009454;B
20240213;095934;590.000000000;1;9591009455;B
20240213;095934;590.000000000;2;9591009456;B
20240213;095934;590.000000000;1;9591009457;B
20240213;095934;590.000000000;1;9591009458;B
20240213;095934;590.000000000;1;9591009459;B
20240213;095934;590.000000000;3;9591009460;B
20240213;095934;590.000000000;2;9591009461;B
20240213;095934;590.000000000;2;9591009462;B
20240213;095934;590.000000000;1;9591009463;B
20240213;095934;590.000000000;2;9591009464;B
20240213;095934;590.000000000;1;9591009465;B
20240213;095934;590.000000000;1;9591009466;B
20240213;095934;590.000000000;1;9591009467;B
20240213;095934;590.000000000;2;9591009468;B
20240213;095934;590.000000000;3;9591009469;B
20240213;095934;590.000000000;1;9591009470;B
20240213;095934;590.000000000;1;9591009471;B
20240213;095934;590.000000000;3;9591009472;B
20240213;095934;590.000000000;2;9591009473;B
20240213;095934;590.000000000;2;9591009474;B
20240213;095934;590.000000000;5;9591009475;B
20240213;095934;590.000000000;3;9591009476;B
20240213;095934;590.000000000;3;9591009477;B
20240213;095934;590.000000000;3;9591009478;B
20240213;095934;590.000000000;2;9591009479;B
20240213;095934;590.000000000;6;9591009480;B
20240213;095934;590.000000000;1;9591009481;B
20240213;095934;590.000000000;3;9591009482;B
20240213;095934;590.000000000;10;9591009483;B
20240213;095934;590.000000000;1;9591009484;B
20240213;095934;590.000000000;1;9591009485;B
20240213;095934;590.000000000;3;9591009486;B
20240213;095934;590.000000000;3;9591009487;B
20240213;095934;590.000000000;1;9591009488;B
20240213;095934;590.000000000;3;9591009489;B
20240213;095934;590.000000000;4;9591009490;B
20240213;095934;590.000000000;7;9591009491;B
20240213;095934;590.000000000;3;9591009492;B
20240213;095934;590.000000000;1;9591009493;B
20240213;095934;590.000000000;3;9591009494;B
20240213;095934;590.000000000;2;9591009495;B
20240213;095934;590.000000000;3;9591009496;B
20240213;095934;590.000000000;2;9591009497;B
20240213;095934;590.000000000;3;9591009498;B
20240213;095934;590.000000000;3;9591009499;S
20240213;095934;590.000000000;3;9591009500;S
20240213;095934;590.000000000;2;9591009501;S
20240213;095934;590.000000000;1;9591009502;S
20240213;095934;590.000000000;5;9591009503;S
20240213;095934;590.000000000;5;9591009504;S
20240213;095934;590.000000000;1;9591009505;S
20240213;095934;590.000000000;3;9591009506;S
20240213;095934;590.000000000;1;9591009507;S
20240213;095934;590.000000000;2;9591009508;S
20240213;095934;590.000000000;8;9591009509;S
20240213;095934;590.000000000;1;9591009510;S
20240213;095934;590.000000000;1;9591009511;B
20240213;095934;590.000000000;12;9591009512;B
20240213;095934;590.000000000;2;9591009513;B
20240213;095934;590.000000000;3;9591009514;B
20240213;095934;590.000000000;13;9591009515;B
20240213;095934;590.000000000;1;9591009516;B
20240213;095934;590.000000000;1;9591009517;B
20240213;095934;590.000000000;1;9591009518;B
20240213;095934;590.000000000;18;9591009519;B
20240213;095934;590.000000000;2;9591009520;B
20240213;095934;590.000000000;2;9591009521;B
20240213;095934;590.000000000;17;9591009522;B
20240213;095934;590.000000000;3;9591009523;B
20240213;095934;590.000000000;1;9591009524;B
20240213;095934;590.000000000;1;9591009525;B
20240213;095934;590.000000000;2;9591009526;B
20240213;095934;590.000000000;1;9591009527;B
20240213;095934;590.000000000;3;9591009528;B
20240213;095934;590.000000000;6;9591009529;B
20240213;095934;590.000000000;1;9591009530;B
20240213;095934;590.000000000;2;9591009531;B
20240213;095934;590.000000000;3;9591009532;B
20240213;095934;590.000000000;2;9591009533;B
20240213;095934;590.000000000;1;9591009534;B
20240213;095934;590.000000000;3;9591009535;B
20240213;095934;590.000000000;4;9591009536;B
20240213;095934;590.000000000;2;9591009537;B
20240213;095934;590.000000000;20;9591009538;B
20240213;095934;590.000000000;7;9591009539;B
20240213;095934;590.000000000;2;9591009540;B
20240213;095934;590.000000000;56;9591009541;B
20240213;095934;590.000000000;4;9591009542;B
20240213;095934;590.000000000;3;9591009543;B
20240213;095934;590.000000000;1;9591009544;B
20240213;095934;590.000000000;2;9591009545;B
20240213;095934;590.000000000;3;9591009546;B
20240213;095934;590.000000000;2;9591009547;B
20240213;095934;590.000000000;1;9591009548;B
20240213;095934;590.000000000;1;9591009549;S
20240213;095934;590.000000000;1;9591009550;S
20240213;095934;590.000000000;1;9591009551;S
20240213;095934;590.000000000;1;9591009552;S
20240213;095934;590.000000000;3;9591009553;S
20240213;095934;590.000000000;1;9591009554;S
20240213;095934;590.000000000;16;9591009555;S
20240213;095934;590.000000000;4;9591009556;S
20240213;095934;590.000000000;2;9591009557;S
20240213;095934;590.000000000;2;9591009558;S
20240213;095934;590.000000000;1;9591009559;S
20240213;095934;590.000000000;1;9591009560;S
20240213;095934;590.000000000;13;9591009561;S
20240213;095934;590.000000000;9;9591009562;S
20240213;095934;590.000000000;3;9591009563;S
20240213;095934;590.000000000;2;9591009564;S
20240213;095934;590.000000000;2;9591009565;S
20240213;095934;590.000000000;2;9591009566;B
20240213;095934;590.000000000;7;9591009567;S
20240213;095934;590.000000000;5;9591009568;S
20240213;095934;590.000000000;34;9591009569;S
20240213;095934;590.000000000;50;9591009570;S
20240213;095934;590.000000000;2;9591009571;B
20240213;095934;590.000000000;13;9591009572;B
20240213;095934;590.000000000;2;9591009573;S
20240213;095934;590.000000000;2;9591009574;B
20240213;095934;590.000000000;269;9591009575;B
20240213;095934;590.000000000;2;9591009576;B
20240213;095934;590.000000000;2;9591009577;B
20240213;095934;590.000000000;2;9591009578;B
20240213;095934;590.000000000;3;9591009579;B
20240213;095934;590.000000000;1;9591009580;B
20240213;095934;590.000000000;2;9591009581;B
20240213;095934;590.000000000;1;9591009582;B
20240213;095934;590.000000000;2;9591009583;B
20240213;095934;590.000000000;1;9591009584;B
20240213;095934;590.000000000;1;9591009585;B
20240213;095934;590.000000000;1;9591009586;B
20240213;095934;590.000000000;1;9591009587;S
20240213;095934;590.000000000;12;9591009588;B
20240213;095934;590.000000000;10;9591009589;B
20240213;095934;590.000000000;2;9591009590;B
20240213;095934;590.000000000;10;9591009591;B
20240213;095934;590.000000000;2;9591009592;B
20240213;095934;590.000000000;2;9591009593;B
20240213;095934;590.000000000;1;9591009594;B
20240213;095934;590.000000000;50;9591009595;B
20240213;095934;590.000000000;2;9591009596;B
20240213;095934;590.000000000;32;9591009597;B
20240213;095934;590.000000000;5;9591009598;B
20240213;095934;590.000000000;2;9591009599;B
20240213;095934;590.000000000;1;9591009600;B
20240213;100000;589.950000000;58;9591015014;B
20240213;100000;589.950000000;77;9591015231;B
20240213;100000;589.950000000;15;9591015573;S
20240213;100000;589.550000000;8;9591015574;S
20240213;100001;589.750000000;1;9591015688;S
20240213;100001;589.750000000;68;9591016027;S
20240213;100001;589.750000000;1;9591016141;S
20240213;100001;589.950000000;135;9591016151;B
20240213;100001;589.950000000;57;9591016152;B
20240213;100001;590.000000000;54;9591016153;B
20240213;100001;590.000000000;50;9591016154;B
20240213;100001;590.000000000;1;9591016155;B
20240213;100001;590.000000000;27;9591016156;B
20240213;100001;590.000000000;5;9591016157;B
20240213;100002;589.950000000;1;9591016485;B
20240213;100002;589.950000000;3;9591016564;S
20240213;100002;590.000000000;15;9591016703;B
20240213;100002;590.000000000;50;9591016704;B
20240213;100002;590.000000000;2;9591016705;B
20240213;100002;590.000000000;6;9591016706;B
20240213;100002;590.000000000;1;9591016707;B
20240213;100002;590.000000000;9;9591016708;B
20240213;100002;590.000000000;4;9591016709;B
20240213;100002;589.950000000;45;9591016778;S
20240213;100002;589.950000000;11;9591016782;S
20240213;100002;589.900000000;26;9591016783;S
20240213;100002;589.900000000;10;9591016787;S
20240213;100002;590.000000000;52;9591016825;B
20240213;100002;589.950000000;30;9591017012;S
20240213;100002;590.000000000;50;9591017014;B
20240213;100002;589.950000000;1;9591017108;S
20240213;100003;589.950000000;1;9591017256;S
20240213;100003;589.900000000;72;9591017257;S
20240213;100003;589.900000000;77;9591017258;S
20240213;100003;590.000000000;1;9591017310;B
20240213;100003;590.000000000;12;9591017444;B
20240213;100004;589.900000000;2;9591017704;S
20240213;100004;589.950000000;1;9591017713;B
20240213;100004;589.900000000;1;9591017948;S
20240213;100004;589.900000000;2;9591017954;S
20240213;100004;589.900000000;2;9591017958;S
20240213;100004;589.900000000;2;9591017960;S
20240213;100004;589.900000000;2;9591017964;S
20240213;100004;589.900000000;2;9591017966;S
20240213;100004;590.000000000;1;9591017972;B
20240213;100004;590.000000000;1;9591017983;B
20240213;100004;590.000000000;2;9591017988;B
20240213;100004;590.000000000;1;9591017993;B
20240213;100004;590.000000000;1;9591017997;B
20240213;100004;590.000000000;2;9591017999;B
20240213;100004;590.000000000;1;9591018002;B
20240213;100004;590.000000000;2;9591018006;B
20240213;100005;589.950000000;1;9591018152;B
20240213;100005;590.000000000;1;9591018153;B
20240213;100005;589.800000000;1;9591018166;S
20240213;100005;590.000000000;2;9591018169;B
20240213;100005;590.000000000;1;9591018172;B
20240213;100005;590.000000000;1;9591018174;B
20240213;100005;590.000000000;2;9591018177;B
20240213;100005;589.800000000;2;9591018183;S
20240213;100005;590.000000000;1;9591018186;B
20240213;100005;589.800000000;2;9591018188;S
20240213;100005;589.800000000;1;9591018190;S
20240213;100005;590.000000000;2;9591018241;B
20240213;100005;589.800000000;2;9591018243;S
20240213;100005;590.000000000;3;9591018252;B
20240213;100005;589.800000000;2;9591018256;S
20240213;100005;589.800000000;9;9591018257;S
20240213;100005;590.000000000;1;9591018260;B
20240213;100005;589.800000000;2;9591018263;S
20240213;100005;589.800000000;2;9591018265;S
20240213;100005;589.800000000;2;9591018288;S
20240213;100005;590.000000000;2;9591018291;B
20240213;100005;589.800000000;2;9591018292;S
20240213;100005;589.800000000;1;9591018293;S
20240213;100005;590.000000000;3;9591018294;B
20240213;100005;590.000000000;1;9591018298;B
20240213;100005;590.000000000;2;9591018299;B
20240213;100005;589.800000000;2;9591018304;S
20240213;100005;590.000000000;1;9591018527;B
20240213;100005;589.900000000;2;9591018528;S
20240213;100005;590.000000000;1;9591018529;B
20240213;100005;590.000000000;2;9591018531;B
20240213;100005;590.000000000;2;9591018532;B
20240213;100005;590.000000000;2;9591018533;B
20240213;100005;589.900000000;2;9591018534;S
20240213;100005;590.000000000;2;9591018683;B
20240213;100005;589.900000000;2;9591018684;S
20240213;100005;590.000000000;3;9591018723;B
20240213;100005;590.000000000;6;9591018911;B
20240213;100005;589.850000000;1;9591018912;S
20240213;100005;590.000000000;1;9591018913;B
20240213;100005;590.000000000;7;9591018917;B
20240213;100005;590.000000000;1;9591018922;B
20240213;100005;589.850000000;1;9591018923;S
20240213;100005;590.000000000;2;9591018925;B
20240213;100005;590.000000000;1;9591018926;B
20240213;100005;590.000000000;2;9591018927;B
20240213;100005;590.000000000;100;9591018928;B
20240213;100005;590.000000000;2;9591018930;B
20240213;100005;590.000000000;1;9591018931;B
20240213;100005;590.000000000;762;9591019001;B
20240213;100005;589.950000000;2;9591019306;S
20240213;100005;590.000000000;1;9591019309;B
20240213;100006;589.900000000;3;9591019312;S
20240213;100006;590.000000000;1;9591019313;B
20240213;100006;589.900000000;2;9591019314;S
20240213;100006;589.900000000;1;9591019316;S
20240213;100006;589.900000000;3;9591019318;S
20240213;100006;589.900000000;2;9591019319;S
20240213;100006;589.900000000;2;9591019327;S
20240213;100006;589.950000000;1;9591019451;S
20240213;100006;589.950000000;2;9591019452;S
20240213;100006;589.950000000;2;9591019464;S
20240213;100006;589.950000000;1;9591019467;S
20240213;100006;589.950000000;1;9591019468;S
20240213;100006;589.950000000;2;9591019470;S
20240213;100006;590.000000000;2;9591019471;B
20240213;100006;589.950000000;2;9591019656;S
20240213;100006;590.000000000;2;9591019661;B
20240213;100006;589.950000000;2;9591019664;S
20240213;100006;590.000000000;1;9591019670;B
20240213;100006;590.000000000;1;9591019673;B
20240213;100006;590.000000000;3;9591019674;B
20240213;100006;590.000000000;1;9591019680;B
20240213;100006;590.000000000;1;9591019681;B
20240213;100006;589.950000000;2;9591019686;S
20240213;100006;590.000000000;2;9591019788;B
20240213;100006;589.950000000;1;9591019791;S
20240213;100006;590.000000000;2;9591019792;B
20240213;100006;589.950000000;2;9591019794;S
20240213;100006;590.000000000;1;9591019796;B
20240213;100006;590.000000000;2;9591019797;B
20240213;100006;589.950000000;2;9591019800;S
20240213;100006;589.950000000;2;9591019802;S
20240213;100006;590.000000000;2;9591019807;B
20240213;100006;590.000000000;1;9591019809;B
20240213;100006;590.000000000;1;9591019811;B
20240213;100006;589.950000000;2;9591019837;S
20240213;100006;590.000000000;3;9591019840;B
20240213;100006;589.950000000;2;9591019842;S
20240213;100006;589.950000000;2;9591019846;S
20240213;100006;589.950000000;3;9591019848;S
20240213;100006;590.000000000;2;9591019850;B
20240213;100006;590.000000000;1;9591019852;B
20240213;100006;589.950000000;2;9591019855;S
20240213;100006;590.000000000;40;9591019857;B
20240213;100006;590.000000000;3;9591019858;B
20240213;100006;590.000000000;42;9591019859;B
20240213;100006;590.000000000;2;9591019864;B
20240213;100006;589.950000000;2;9591019865;S
20240213;100006;590.000000000;1;9591019867;B
20240213;100006;590.000000000;2;9591019873;B
20240213;100006;589.950000000;2;9591020007;S
20240213;100006;589.950000000;2;9591020008;S
20240213;100006;590.000000000;2;9591020009;B
20240213;100006;590.000000000;2;9591020010;B
20240213;100006;589.950000000;2;9591020012;S
20240213;100006;589.950000000;2;9591020013;S
20240213;100006;589.950000000;1;9591020014;S
20240213;100006;590.000000000;1;9591020046;B
20240213;100006;589.950000000;1;9591020202;S
20240213;100006;589.950000000;2;9591020203;S
20240213;100006;590.000000000;2;9591020204;B
20240213;100006;590.000000000;1;9591020205;B
20240213;100006;590.000000000;25;9591020206;B
20240213;100006;590.000000000;20;9591020207;B
20240213;100006;590.000000000;2;9591020208;B
20240213;100006;590.000000000;1;9591020209;B
20240213;100006;590.000000000;1;9591020210;B
20240213;100006;590.000000000;4;9591020211;B
20240213;100006;590.000000000;5;9591020212;B
20240213;100006;590.000000000;2;9591020213;B
20240213;100006;590.000000000;3;9591020214;B
20240213;100006;590.000000000;17;9591020215;B
20240213;100006;590.000000000;1;9591020216;B
20240213;100006;590.000000000;6;9591020217;B
20240213;100006;590.000000000;7;9591020218;B
20240213;100006;590.000000000;1;9591020219;B
20240213;100006;590.000000000;1;9591020220;B
20240213;100006;590.000000000;1;9591020221;B
20240213;100006;590.000000000;3;9591020222;B
20240213;100006;590.000000000;1;9591020224;B
20240213;100006;590.000000000;1;9591020228;B
20240213;100006;589.950000000;2;9591020229;S
20240213;100006;590.000000000;2;9591020230;B
20240213;100006;589.950000000;1;9591020452;S
20240213;100006;590.000000000;2;9591020454;B
20240213;100006;590.000000000;1;9591020457;B
20240213;100006;589.950000000;2;9591020458;S
20240213;100006;589.950000000;1;9591020459;S
20240213;100006;590.000000000;1;9591020462;B
20240213;100006;590.000000000;1;9591020463;B
20240213;100006;589.950000000;2;9591020464;S
20240213;100006;589.950000000;2;9591020465;S
20240213;100006;590.000000000;2;9591020466;B
20240213;100006;590.000000000;1;9591020467;B
20240213;100006;590.000000000;1;9591020468;B
20240213;100006;589.950000000;2;9591020469;S
20240213;100006;589.950000000;2;9591020470;S
20240213;100006;590.000000000;1;9591020472;B
20240213;100006;589.950000000;2;9591020474;S
20240213;100006;589.950000000;2;9591020478;S
20240213;100006;589.950000000;5;9591020480;S
20240213;100007;589.950000000;2;9591020677;S
20240213;100007;589.950000000;2;9591020678;S
20240213;100007;590.000000000;2;9591020679;B
20240213;100007;590.000000000;1;9591020681;B
20240213;100007;589.950000000;2;9591020682;S
20240213;100007;589.950000000;2;9591020684;S
20240213;100007;590.000000000;1;9591020685;B
20240213;100007;589.950000000;2;9591020686;S
20240213;100007;589.950000000;2;9591020692;S
20240213;100007;590.000000000;5;9591020693;B
20240213;100007;590.000000000;1;9591020694;B
20240213;100007;590.000000000;3;9591020695;B
20240213;100007;590.000000000;1;9591020696;B
20240213;100007;589.950000000;2;9591020697;S
20240213;100007;589.950000000;2;9591020790;S
20240213;100007;589.950000000;1;9591020792;S
20240213;100007;590.000000000;1;9591020794;B
20240213;100007;590.000000000;1;9591020795;B
20240213;100007;590.000000000;2;9591020796;B
20240213;100007;589.950000000;1;9591020798;S
20240213;100007;590.000000000;2;9591020799;B
20240213;100007;589.950000000;1;9591021123;S
20240213;100007;590.000000000;1;9591021124;B
20240213;100007;590.000000000;1;9591021125;B
20240213;100007;590.000000000;1;9591021127;B
20240213;100007;589.950000000;100;9591021200;S
20240213;100007;590.000000000;2;9591021210;B
20240213;100007;590.000000000;3;9591021224;B
20240213;100007;589.950000000;150;9591021272;S
20240213;100007;589.950000000;91;9591021273;S
20240213;100007;589.900000000;9;9591021274;S
20240213;100007;589.950000000;4;9591021473;B
20240213;100007;589.950000000;1;9591021474;B
20240213;100007;590.000000000;2;9591021475;B
20240213;100007;589.750000000;2;9591021476;S
20240213;100007;590.000000000;1;9591021477;B
20240213;100007;589.750000000;2;9591021478;S
20240213;100007;589.750000000;2;9591021479;S
20240213;100007;590.000000000;2;9591021480;B
20240213;100008;589.950000000;2;9591021846;S
20240213;100008;589.950000000;2;9591021848;S
20240213;100008;589.950000000;2;9591021849;S
20240213;100008;589.950000000;2;9591021850;S
20240213;100008;590.000000000;1;9591021851;B
20240213;100008;590.000000000;5;9591021852;B
20240213;100008;589.950000000;1;9591021853;S
20240213;100008;589.950000000;2;9591021854;S
20240213;100008;590.000000000;1;9591021855;B
20240213;100008;589.950000000;1;9591021856;S
20240213;100008;590.000000000;19;9591021974;B
20240213;100008;589.950000000;2;9591022155;S
20240213;100008;590.000000000;1;9591022156;B
20240213;100008;589.950000000;1;9591022157;S
20240213;100008;589.950000000;2;9591022158;S
20240213;100008;590.000000000;1;9591022159;B
20240213;100008;590.000000000;2;9591022160;B
20240213;100008;590.000000000;1;9591022161;B
20240213;100008;590.000000000;2;9591022182;B
20240213;100008;589.950000000;3;9591022186;S
20240213;100008;590.000000000;14;9591022192;B
20240213;100008;590.000000000;87;9591022196;B
20240213;100008;590.000000000;14;9591022233;B
20240213;100008;590.000000000;96;9591022300;B
20240213;100008;590.000000000;127;9591022304;B
20240213;100008;590.000000000;64;9591022305;B
20240213;100008;590.000000000;5;9591022306;B
20240213;100008;590.000000000;1;9591022307;B
20240213;100008;590.000000000;4;9591022308;B
20240213;100008;590.000000000;1;9591022309;B
20240213;100008;590.000000000;50;9591022310;B
20240213;100008;590.000000000;10;9591022311;B
20240213;100008;590.000000000;1;9591022312;B
20240213;100008;590.000000000;77;9591022313;B
20240213;100008;590.000000000;2;9591022314;B
20240213;100008;590.050000000;10;9591022338;B
20240213;100008;590.050000000;7;9591022339;B
20240213;100008;590.100000000;2;9591022363;B
20240213;100008;590.100000000;1;9591022364;B
20240213;100009;590.050000000;1;9591022417;S
20240213;100009;590.150000000;29;9591022461;B
20240213;100009;590.150000000;1;9591022462;B
20240213;100009;590.200000000;1;9591022463;B
20240213;100009;590.250000000;1;9591022464;B
20240213;100009;590.300000000;1;9591022465;B
20240213;100009;590.350000000;1;9591022466;B
20240213;100009;590.350000000;1;9591022467;B
20240213;100009;590.050000000;16;9591022468;S
20240213;100009;589.950000000;9;9591022469;S
20240213;100009;590.400000000;1;9591022524;B
20240213;100009;590.400000000;17;9591022525;B
20240213;100009;590.400000000;1;9591022526;B
20240213;100009;590.400000000;34;9591022754;S
20240213;100009;590.450000000;1;9591022803;B
20240213;100009;590.500000000;40;9591022804;B
20240213;100009;590.500000000;1;9591022805;B
20240213;100009;590.550000000;2;9591022806;B
20240213;100009;590.550000000;2;9591022807;B
20240213;100009;590.550000000;1;9591022808;B
20240213;100009;590.550000000;32;9591022809;B
20240213;100009;590.250000000;110;9591022855;S
20240213;100009;590.250000000;11;9591022866;S
20240213;100009;590.250000000;67;9591022872;S
20240213;100009;590.100000000;21;9591022873;S
20240213;100009;590.100000000;1;9591022876;S
20240213;100010;590.200000000;1;9591023353;S
20240213;100010;590.000000000;100;9591023473;S
20240213;100010;590.300000000;20;9591023546;B
20240213;100010;590.350000000;40;9591023547;B
20240213;100010;590.350000000;1;9591023548;B
20240213;100010;590.350000000;60;9591023572;B
20240213;100010;590.000000000;1;9591023594;S
20240213;100011;590.300000000;187;9591023698;B
20240213;100011;590.200000000;1;9591023768;B
20240213;100011;590.400000000;1;9591023974;B
20240213;100011;590.400000000;1;9591023975;B
20240213;100011;590.400000000;70;9591024026;B
20240213;100011;590.400000000;1;9591024099;B
20240213;100011;590.450000000;1;9591024147;B
20240213;100011;590.500000000;58;9591024148;B
20240213;100011;590.500000000;18;9591024176;B
20240213;100011;590.500000000;1;9591024177;B
20240213;100011;590.550000000;41;9591024178;B
20240213;100012;590.550000000;60;9591024188;B
20240213;100012;590.550000000;60;9591024207;B
20240213;100012;590.550000000;60;9591024237;B
20240213;100012;590.600000000;1;9591024283;B
20240213;100012;590.600000000;59;9591024284;B
20240213;100012;590.600000000;60;9591024324;B
20240213;100012;590.600000000;60;9591024353;B
20240213;100012;590.600000000;60;9591024366;B
20240213;100012;590.600000000;60;9591024387;B
20240213;100012;590.600000000;60;9591024402;B
20240213;100013;590.600000000;60;9591024486;B
20240213;100013;590.600000000;15;9591024487;B
20240213;100013;590.600000000;5;9591024488;B
20240213;100013;590.600000000;182;9591024489;B
20240213;100013;590.500000000;1;9591024513;S
20240213;100013;590.600000000;59;9591024540;B
20240213;100013;590.600000000;60;9591024562;B
20240213;100013;590.600000000;60;9591024570;B
20240213;100013;590.650000000;60;9591024581;B
20240213;100013;590.650000000;60;9591024597;B
20240213;100013;590.250000000;1;9591024619;S
20240213;100013;590.650000000;60;9591024622;B
20240213;100014;590.650000000;60;9591024646;B
20240213;100014;590.650000000;10;9591024662;B
20240213;100014;590.650000000;1;9591024663;B
20240213;100014;590.650000000;1;9591024664;B
20240213;100014;590.700000000;8;9591024665;B
20240213;100014;590.700000000;1;9591024666;B
20240213;100014;590.700000000;39;9591024667;B
20240213;100014;590.550000000;1;9591024678;S
20240213;100014;590.700000000;43;9591024687;B
20240213;100014;590.700000000;17;9591024690;S
20240213;100014;590.700000000;1;9591024756;B
20240213;100014;590.700000000;134;9591024779;B
20240213;100014;590.700000000;366;9591024780;B
20240213;100014;590.650000000;10;9591024792;S
20240213;100014;590.650000000;1;9591024808;S
20240213;100015;590.750000000;1;9591024882;B
20240213;100015;590.750000000;48;9591024883;B
20240213;100015;590.700000000;25;9591024889;B
20240213;100015;590.750000000;35;9591024890;B
20240213;100015;590.750000000;60;9591024904;B
20240213;100015;590.750000000;7;9591024930;B
20240213;100015;590.750000000;1;9591024931;B
20240213;100015;590.750000000;52;9591024932;B
20240213;100015;590.750000000;48;9591024953;B
20240213;100015;590.750000000;12;9591024954;B
20240213;100015;590.750000000;22;9591024970;B
20240213;100015;590.800000000;30;9591024971;B
20240213;100015;590.800000000;1;9591024972;B
20240213;100015;590.800000000;7;9591024973;S
20240213;100015;590.450000000;93;9591024974;S
20240213;100015;590.800000000;100;9591024975;B
20240213;100015;590.800000000;100;9591024977;S
20240213;100015;590.850000000;7;9591025005;B
20240213;100015;590.850000000;1;9591025006;B
20240213;100015;590.850000000;92;9591025007;B
20240213;100015;590.900000000;1;9591025021;B
20240213;100015;590.950000000;14;9591025022;B
20240213;100015;590.800000000;30;9591025078;S
20240213;100016;590.950000000;36;9591025165;B
20240213;100016;590.950000000;24;9591025166;B
20240213;100016;590.900000000;43;9591025192;S
20240213;100016;590.900000000;3;9591025193;S
20240213;100016;590.950000000;6;9591025202;B
20240213;100016;590.950000000;2;9591025203;B
20240213;100016;590.950000000;1;9591025204;B
20240213;100016;591.000000000;120;9591025220;B
20240213;100016;591.000000000;2;9591025221;B
20240213;100016;591.000000000;120;9591025222;B
20240213;100016;591.000000000;16;9591025223;B
20240213;100016;591.000000000;1;9591025224;B
20240213;100016;591.000000000;2;9591025225;B
20240213;100016;591.000000000;20;9591025226;B
20240213;100016;591.000000000;1;9591025227;B
20240213;100016;591.000000000;1;9591025228;B
20240213;100016;591.000000000;1;9591025229;B
20240213;100016;591.000000000;35;9591025230;B
20240213;100016;591.100000000;4;9591025231;B
20240213;100016;591.100000000;1;9591025232;B
20240213;100016;591.100000000;207;9591025233;B
20240213;100016;591.150000000;2;9591025242;B
20240213;100016;591.150000000;1;9591025243;B
20240213;100016;591.150000000;7;9591025244;B
20240213;100016;590.950000000;5;9591025270;S
20240213;100016;590.500000000;1;9591025271;S
20240213;100016;590.400000000;3;9591025272;S
20240213;100016;590.900000000;60;9591025284;S
20240213;100016;590.600000000;1;9591025286;S
20240213;100016;590.600000000;509;9591025294;S
20240213;100016;590.550000000;135;9591025295;S
20240213;100016;590.500000000;135;9591025296;S
20240213;100016;590.450000000;135;9591025297;S
20240213;100016;590.450000000;422;9591025298;S
20240213;100016;590.400000000;46;9591025299;S
20240213;100016;590.400000000;12;9591025300;S
20240213;100016;590.300000000;106;9591025301;S
20240213;100016;590.450000000;1;9591025320;B
20240213;100016;590.800000000;59;9591025321;B
20240213;100017;590.750000000;60;9591025346;B
20240213;100017;590.750000000;60;9591025361;B
20240213;100017;590.750000000;15;9591025369;B
20240213;100017;590.750000000;45;9591025370;B
20240213;100017;590.750000000;60;9591025386;B
20240213;100017;590.750000000;60;9591025391;B
20240213;100017;590.750000000;60;9591025399;B
20240213;100017;590.800000000;16;9591025408;B
20240213;100017;590.850000000;44;9591025409;S
20240213;100017;590.600000000;1;9591025416;S
20240213;100017;590.850000000;60;9591025423;S
20240213;100017;590.850000000;60;9591025438;B
20240213;100017;590.800000000;1;9591025462;B
20240213;100017;590.850000000;59;9591025463;B
20240213;100017;590.850000000;60;9591025474;B
20240213;100018;590.850000000;60;9591025504;S
20240213;100018;590.800000000;60;9591025529;B
20240213;100018;590.850000000;60;9591025587;B
20240213;100018;590.850000000;60;9591025592;B
20240213;100018;590.850000000;1;9591025617;B
20240213;100018;590.850000000;59;9591025618;B
20240213;100018;590.850000000;60;9591025627;B
20240213;100018;590.850000000;60;9591025633;B
20240213;100018;590.850000000;60;9591025648;S
20240213;100018;590.850000000;60;9591025662;S
20240213;100019;590.900000000;1;9591025714;B
20240213;100019;590.850000000;22;9591025824;S
20240213;100019;590.850000000;60;9591025867;B
20240213;100019;590.800000000;60;9591025883;S
20240213;100019;590.700000000;41;9591025884;S
20240213;100019;590.700000000;20;9591025885;S
20240213;100020;590.800000000;60;9591025908;S
20240213;100020;590.800000000;60;9591025921;S
20240213;100020;590.800000000;60;9591025957;S
20240213;100020;590.800000000;60;9591025971;S
20240213;100020;590.800000000;60;9591026039;S
20240213;100020;590.750000000;22;9591026079;B
20240213;100020;590.800000000;38;9591026080;B
20240213;100020;590.800000000;60;9591026141;B
20240213;100021;590.850000000;184;9591026168;B
20240213;100021;590.800000000;60;9591026177;S
20240213;100021;590.800000000;60;9591026241;B
20240213;100021;590.400000000;135;9591026354;S
20240213;100021;590.400000000;19;9591026355;S
20240213;100021;590.350000000;96;9591026356;S
20240213;100021;590.650000000;60;9591026391;S
20240213;100022;590.350000000;1;9591026664;S
20240213;100022;590.700000000;24;9591026698;B
20240213;100024;590.700000000;1;9591027243;B
20240213;100024;590.650000000;11;9591027290;S
20240213;100024;590.650000000;5;9591027291;S
20240213;100024;590.800000000;60;9591027301;B
20240213;100027;590.650000000;2;9591027876;B
20240213;100027;590.650000000;1;9591027877;B
20240213;100028;590.650000000;45;9591028305;B
20240213;100028;590.650000000;2;9591028347;B
20240213;100029;590.400000000;4;9591028572;S
20240213;100030;590.650000000;10;9591028754;B
20240213;100030;590.650000000;3;9591028755;B
20240213;100030;590.700000000;2;9591028756;B
20240213;100030;590.500000000;60;9591028775;S
20240213;100030;590.250000000;924;9591028776;S
20240213;100030;590.150000000;16;9591028777;S
20240213;100030;590.500000000;60;9591028831;S
20240213;100030;590.500000000;2;9591028898;B
20240213;100031;590.100000000;2;9591029015;S
20240213;100031;590.100000000;12;9591029019;B
20240213;100031;590.400000000;60;9591029060;B
20240213;100031;590.000000000;1;9591029067;S
20240213;100031;590.400000000;60;9591029084;B
20240213;100031;590.400000000;60;9591029106;B
20240213;100031;590.400000000;60;9591029137;B
20240213;100031;590.400000000;60;9591029162;B
20240213;100031;590.400000000;60;9591029184;B
20240213;100031;590.450000000;60;9591029207;B
20240213;100031;590.450000000;60;9591029217;B
20240213;100031;590.450000000;60;9591029223;B
20240213;100032;590.450000000;60;9591029241;B
20240213;100032;590.450000000;60;9591029248;B
20240213;100032;590.500000000;60;9591029261;B
20240213;100032;590.500000000;60;9591029278;B
20240213;100032;590.500000000;60;9591029302;B
20240213;100032;590.500000000;60;9591029317;B
20240213;100033;590.600000000;56;9591029527;B
20240213;100033;590.600000000;60;9591029546;B
20240213;100033;590.650000000;60;9591029554;B
20240213;100033;590.650000000;60;9591029558;B
20240213;100033;590.650000000;60;9591029567;B
20240213;100033;590.650000000;60;9591029603;B
20240213;100033;590.650000000;60;9591029669;B
20240213;100033;590.350000000;3;9591029680;S
20240213;100033;590.700000000;60;9591029724;B
20240213;100033;590.350000000;4;9591029725;S
20240213;100034;590.700000000;38;9591029747;B
20240213;100034;590.700000000;22;9591029748;B
20240213;100034;590.700000000;60;9591029758;B
20240213;100034;590.350000000;2;9591029760;S
20240213;100034;590.700000000;18;9591029769;B
20240213;100034;590.750000000;42;9591029770;S
20240213;100034;590.700000000;60;9591029785;S
20240213;100034;590.700000000;60;9591029812;S
20240213;100035;590.850000000;60;9591029963;B
20240213;100035;590.800000000;60;9591029973;S
20240213;100035;590.800000000;60;9591030026;S
20240213;100035;590.450000000;3;9591030029;S
20240213;100035;590.250000000;17;9591030030;S
20240213;100035;590.750000000;1;9591030115;B
20240213;100036;590.750000000;12;9591030268;B
20240213;100036;590.750000000;60;9591030296;B
20240213;100036;590.750000000;60;9591030314;B
20240213;100036;590.750000000;1;9591030343;B
20240213;100037;590.700000000;2;9591030398;S
20240213;100037;590.700000000;58;9591030444;S
20240213;100037;590.700000000;2;9591030469;B
20240213;100038;590.700000000;60;9591030572;B
20240213;100038;590.700000000;60;9591030595;B
20240213;100038;590.700000000;13;9591030626;B
20240213;100038;590.700000000;3;9591030627;B
20240213;100038;590.750000000;1;9591030649;B
20240213;100039;590.700000000;44;9591030777;S
20240213;100039;590.650000000;60;9591030843;S
20240213;100039;590.700000000;1;9591030847;B
20240213;100039;590.650000000;60;9591030898;S
20240213;100039;590.700000000;3;9591030941;B
20240213;100039;590.250000000;4;9591030943;S
20240213;100039;590.650000000;4;9591030975;B
20240213;100039;590.700000000;3;9591030981;S
20240213;100040;590.700000000;53;9591031005;S
20240213;100040;590.700000000;3;9591031051;B
20240213;100040;590.700000000;60;9591031080;B
20240213;100040;590.750000000;60;9591031268;B
20240213;100041;590.700000000;1;9591031384;S
20240213;100041;590.750000000;59;9591031400;B
20240213;100041;590.750000000;60;9591031418;B
20240213;100041;590.750000000;60;9591031496;B
20240213;100041;590.750000000;60;9591031508;B
20240213;100041;590.750000000;60;9591031530;B
20240213;100041;590.750000000;60;9591031539;B
20240213;100042;590.750000000;19;9591031568;B
20240213;100042;590.750000000;1;9591031569;B
20240213;100042;590.750000000;40;9591031570;B
20240213;100042;590.700000000;3;9591031574;S
20240213;100042;590.700000000;3;9591031579;S
20240213;100042;590.800000000;60;9591031591;S
20240213;100042;590.700000000;10;9591031592;S
20240213;100042;590.800000000;60;9591031597;S
20240213;100042;590.700000000;3;9591031641;S
20240213;100043;590.700000000;3;9591031723;S
20240213;100043;590.850000000;5;9591031725;B
20240213;100043;590.850000000;2;9591031803;B
20240213;100043;590.850000000;12;9591031804;B
20240213;100043;590.800000000;3;9591031825;S
20240213;100043;590.800000000;3;9591031904;S
20240213;100044;590.850000000;60;9591031958;B
20240213;100044;590.800000000;3;9591031997;S
20240213;100044;590.850000000;2;9591031999;B
20240213;100044;590.800000000;2;9591032098;S
20240213;100045;590.750000000;3;9591032213;S
20240213;100046;590.800000000;3;9591032275;S
20240213;100046;590.850000000;54;9591032304;B
20240213;100046;590.850000000;423;9591032305;B
20240213;100046;590.900000000;4;9591032306;B
20240213;100046;590.900000000;19;9591032307;B
20240213;100047;590.750000000;3;9591032398;S
20240213;100047;590.900000000;100;9591032418;S
20240213;100047;591.000000000;4;9591032500;B
20240213;100047;591.000000000;10;9591032501;B
20240213;100047;591.000000000;2;9591032502;B
20240213;100047;591.000000000;38;9591032503;B
20240213;100048;590.950000000;3;9591032599;S
20240213;100048;590.950000000;45;9591032618;S
20240213;100048;590.950000000;12;9591032619;S
20240213;100048;590.900000000;3;9591032709;S
20240213;100049;590.900000000;3;9591032793;S
20240213;100049;590.900000000;99;9591032879;S
20240213;100049;590.900000000;3;9591032880;S
20240213;100049;590.800000000;60;9591032881;S
20240213;100049;590.700000000;135;9591032882;S
20240213;100049;590.650000000;100;9591032883;S
20240213;100049;590.650000000;135;9591032884;S
20240213;100049;590.600000000;135;9591032885;S
20240213;100049;590.450000000;433;9591032886;S
20240213;100050;590.650000000;3;9591033026;B
20240213;100050;590.650000000;32;9591033027;B
20240213;100050;590.800000000;60;9591033047;B
20240213;100050;590.600000000;3;9591033050;S
20240213;100050;590.800000000;60;9591033056;B
20240213;100050;590.800000000;15;9591033065;B
20240213;100050;590.800000000;45;9591033066;B
20240213;100050;590.800000000;60;9591033079;B
20240213;100050;590.800000000;60;9591033108;B
20240213;100050;590.800000000;60;9591033188;B
20240213;100050;590.800000000;60;9591033204;B
20240213;100050;590.850000000;60;9591033218;B
20240213;100050;590.850000000;60;9591033231;B
20240213;100051;590.850000000;15;9591033264;B
20240213;100051;590.850000000;45;9591033265;B
20240213;100051;590.850000000;60;9591033271;B
20240213;100051;590.850000000;60;9591033281;B
20240213;100051;590.850000000;60;9591033290;B
20240213;100051;590.850000000;60;9591033298;B
20240213;100051;590.850000000;3;9591033401;S
20240213;100051;590.850000000;57;9591033454;S
20240213;100051;590.750000000;25;9591033455;S
20240213;100051;590.600000000;5;9591033456;S
20240213;100051;590.500000000;93;9591033457;S
20240213;100051;590.800000000;60;9591033500;S
20240213;100052;590.800000000;2;9591033548;S
20240213;100052;590.800000000;58;9591033549;S
20240213;100052;590.800000000;4;9591033623;S
20240213;100052;590.850000000;60;9591033640;B
20240213;100052;590.800000000;25;9591033685;S
20240213;100052;590.900000000;1;9591033714;B
20240213;100052;590.900000000;3;9591033715;B
20240213;100052;590.900000000;52;9591033716;B
20240213;100052;590.850000000;60;9591033734;S
20240213;100053;590.850000000;1;9591033762;S
20240213;100053;590.850000000;59;9591033763;S
20240213;100053;590.850000000;60;9591033774;B
20240213;100053;590.850000000;60;9591033785;B
20240213;100053;590.850000000;60;9591033792;B
20240213;100053;590.850000000;60;9591033819;B
20240213;100053;590.850000000;60;9591033830;B
20240213;100054;590.950000000;60;9591033960;B
20240213;100054;590.950000000;60;9591034084;B
20240213;100057;591.000000000;162;9591034548;B
20240213;100057;591.000000000;2;9591034549;B
20240213;100057;591.000000000;186;9591034550;B
20240213;100057;591.000000000;55;9591034551;B
20240213;100057;591.000000000;1;9591034552;B
20240213;100057;591.000000000;200;9591034553;B
20240213;100057;591.000000000;5;9591034554;B
20240213;100057;591.000000000;30;9591034555;B
20240213;100057;591.000000000;8;9591034556;B
20240213;100057;591.000000000;135;9591034557;B
20240213;100057;591.000000000;2;9591034603;S
20240213;100058;591.050000000;3;9591034698;B
20240213;100058;591.050000000;1;9591034699;B
20240213;100058;591.050000000;1;9591034728;B
20240213;100059;591.000000000;54;9591035061;S
20240213;100100;590.950000000;1;9591035147;B
20240213;100100;590.900000000;1;9591035180;S
20240213;100100;590.950000000;28;9591035207;B
20240213;100100;590.950000000;12;9591035330;B
20240213;100100;591.000000000;48;9591035331;B
20240213;100102;590.950000000;1;9591035565;B
20240213;100102;590.950000000;20;9591035602;B
20240213;100102;591.000000000;24;9591035603;B
20240213;100102;591.000000000;46;9591035604;B
20240213;100102;590.850000000;3;9591035690;S
20240213;100103;590.850000000;17;9591035815;B
20240213;100104;591.050000000;1;9591035920;B
20240213;100104;591.100000000;1;9591035921;B
20240213;100104;591.100000000;41;9591035922;B
20240213;100105;591.000000000;1;9591036162;S
20240213;100105;590.900000000;1;9591036163;S
20240213;100106;591.050000000;2;9591036289;B
20240213;100109;590.950000000;1;9591036814;B
20240213;100110;590.950000000;69;9591036978;B
20240213;100110;590.950000000;31;9591036979;B
20240213;100111;590.950000000;1;9591037037;B
20240213;100113;590.900000000;18;9591037229;S
20240213;100113;591.000000000;30;9591037230;B
20240213;100113;591.000000000;1;9591037231;B
20240213;100113;591.000000000;9;9591037232;B
20240213;100115;590.950000000;33;9591037505;S
20240213;100115;590.900000000;13;9591037506;S
20240213;100116;591.000000000;41;9591037634;B
20240213;100116;591.000000000;23;9591037635;B
20240213;100118;591.050000000;12;9591038038;B
20240213;100120;590.950000000;1;9591038301;S
20240213;100121;591.050000000;16;9591038537;B
20240213;100121;591.050000000;1;9591038538;B
20240213;100121;591.000000000;11;9591038576;S
20240213;100122;591.000000000;1;9591038625;S
20240213;100122;591.000000000;1;9591038668;S
20240213;100122;591.050000000;5;9591038698;B
20240213;100123;591.000000000;45;9591038811;S
20240213;100123;591.000000000;45;9591038812;S
20240213;100123;591.000000000;10;9591038856;S
20240213;100123;591.000000000;5;9591038857;S
20240213;100125;591.050000000;3;9591039002;B
20240213;100125;591.050000000;15;9591039040;B
20240213;100126;591.050000000;1;9591039233;B
20240213;100127;591.050000000;5;9591039361;B
20240213;100127;591.000000000;10;9591039365;S
20240213;100127;591.000000000;7;9591039403;S
20240213;100128;591.050000000;5;9591039482;B
20240213;100128;591.000000000;1;9591039512;S
20240213;100128;591.050000000;2;9591039618;B
20240213;100130;591.050000000;41;9591039763;B
20240213;100130;591.050000000;150;9591039764;B
20240213;100130;591.050000000;63;9591039765;B
20240213;100130;591.000000000;54;9591039817;S
20240213;100130;591.000000000;241;9591039818;S
20240213;100130;591.000000000;1;9591039819;S
20240213;100130;590.900000000;60;9591039820;S
20240213;100130;590.900000000;44;9591039821;S
20240213;100131;591.050000000;20;9591039954;B
20240213;100131;591.000000000;3;9591039966;S
20240213;100131;591.050000000;1;9591039980;B
20240213;100131;591.050000000;9;9591039990;B
20240213;100132;591.050000000;1;9591040012;B
20240213;100133;591.050000000;2;9591040153;B
20240213;100134;591.050000000;54;9591040375;B
20240213;100134;591.050000000;46;9591040376;B
20240213;100134;591.000000000;1;9591040406;S
20240213;100135;591.000000000;3;9591040619;S
20240213;100138;591.000000000;1;9591041019;S
20240213;100139;590.900000000;2;9591041252;S
20240213;100139;590.950000000;30;9591041282;B
20240213;100139;590.900000000;1;9591041286;S
20240213;100142;590.900000000;1;9591041555;S
20240213;100142;590.900000000;1;9591041587;S
20240213;100142;590.900000000;28;9591041632;S
20240213;100144;590.900000000;2;9591041905;B
20240213;100144;590.900000000;1;9591041982;B
20240213;100145;590.900000000;37;9591042165;B
20240213;100145;590.850000000;1;9591042292;S
20240213;100145;590.850000000;2;9591042297;S
20240213;100145;590.600000000;1;9591042298;S
20240213;100148;590.850000000;2;9591042898;B
20240213;100148;590.800000000;2;9591042966;S
20240213;100148;590.900000000;1;9591043030;B
20240213;100149;590.900000000;2;9591043165;B
20240213;100150;590.900000000;1;9591043332;B
20240213;100152;590.850000000;40;9591043723;S
20240213;100152;590.850000000;3;9591043732;S
20240213;100153;590.850000000;8;9591043752;S
20240213;100153;590.850000000;12;9591043792;S
20240213;100154;590.900000000;1;9591044090;B
20240213;100155;590.850000000;135;9591044191;S
20240213;100155;590.850000000;2;9591044196;S
20240213;100155;590.850000000;58;9591044197;S
20240213;100156;590.900000000;1;9591044461;B
20240213;100157;590.900000000;1;9591044684;B
20240213;100158;590.850000000;7;9591044690;S
20240213;100158;590.900000000;1;9591044741;B
20240213;100158;590.850000000;1;9591044856;S
20240213;100159;590.900000000;1;9591044920;B
20240213;100200;590.750000000;123;9591045155;B
20240213;100203;590.600000000;1;9591045656;S
20240213;100203;590.600000000;2;9591045710;S
20240213;100204;590.650000000;1;9591045733;B
20240213;100204;590.650000000;2;9591045743;B
20240213;100204;590.600000000;2;9591045825;S
20240213;100205;590.600000000;3;9591045858;S
20240213;100205;590.650000000;20;9591045950;B
20240213;100206;590.650000000;1;9591045953;B
20240213;100206;590.650000000;2;9591046012;B
20240213;100206;590.600000000;1;9591046096;S
20240213;100207;590.600000000;2;9591046243;S
20240213;100209;590.600000000;2;9591046465;S
20240213;100210;590.650000000;1;9591046558;B
20240213;100210;590.600000000;2;9591046653;S
20240213;100211;590.600000000;17;9591046951;S
20240213;100213;590.550000000;1;9591047214;S
20240213;100214;590.600000000;1;9591047350;B
20240213;100214;590.500000000;5;9591047518;S
20240213;100214;590.550000000;1;9591047561;B
20240213;100215;590.550000000;1;9591047653;B
20240213;100215;590.500000000;16;9591047683;S
20240213;100215;590.500000000;1;9591047684;S
20240213;100217;590.400000000;60;9591048053;S
20240213;100217;590.350000000;1;9591048054;S
20240213;100217;590.300000000;70;9591048055;S
20240213;100217;590.300000000;483;9591048056;S
20240213;100218;590.300000000;1395;9591048166;B
20240213;100218;590.450000000;122;9591048167;B
20240213;100218;590.500000000;183;9591048168;B
20240213;100218;590.500000000;150;9591048169;B
20240213;100218;590.600000000;482;9591048170;B
20240213;100218;590.600000000;10;9591048171;B
20240213;100218;590.600000000;500;9591048172;B
20240213;100218;590.650000000;61;9591048173;B
20240213;100218;590.650000000;88;9591048174;B
20240213;100218;590.650000000;100;9591048175;B
20240213;100218;590.650000000;1;9591048176;B
20240213;100218;590.750000000;1;9591048177;B
20240213;100218;590.750000000;233;9591048178;B
20240213;100218;590.750000000;135;9591048179;B
20240213;100218;590.750000000;1;9591048180;B
20240213;100218;590.750000000;193;9591048181;B
20240213;100218;590.750000000;345;9591048182;B
20240213;100218;590.400000000;6;9591048233;S
20240213;100219;590.550000000;55;9591048354;B
20240213;100220;590.500000000;135;9591048472;S
20240213;100220;590.450000000;239;9591048473;S
20240213;100220;590.450000000;135;9591048474;S
20240213;100220;590.400000000;135;9591048475;S
20240213;100220;590.400000000;423;9591048476;S
20240213;100220;590.250000000;60;9591048477;S
20240213;100220;590.100000000;1020;9591048478;S
20240213;100220;590.050000000;500;9591048479;S
20240213;100220;590.000000000;1;9591048480;S
20240213;100220;590.000000000;500;9591048481;S
20240213;100220;590.000000000;90;9591048482;S
20240213;100220;589.950000000;3;9591048483;S
20240213;100220;589.950000000;159;9591048484;S
20240213;100220;590.500000000;1;9591048497;B
20240213;100222;590.300000000;10;9591048869;S
20240213;100223;590.500000000;7;9591049033;B
20240213;100225;590.350000000;10;9591049410;S
20240213;100225;590.300000000;1;9591049440;S
20240213;100231;590.450000000;1;9591050089;S
20240213;100231;590.500000000;1;9591050175;B
20240213;100232;590.450000000;200;9591050274;S
20240213;100232;590.450000000;40;9591050275;S
20240213;100233;590.350000000;249;9591050764;S
20240213;100233;590.200000000;109;9591050765;S
20240213;100233;590.150000000;142;9591050766;S
20240213;100236;590.350000000;1;9591051262;B
20240213;100236;590.400000000;26;9591051263;B
20240213;100236;590.400000000;28;9591051273;B
20240213;100236;590.400000000;27;9591051309;B
20240213;100237;590.300000000;100;9591051367;S
20240213;100237;590.300000000;35;9591051517;S
20240213;100238;590.250000000;25;9591051523;S
20240213;100238;590.300000000;100;9591051625;S
20240213;100238;590.300000000;35;9591051626;S
20240213;100239;590.300000000;1;9591051793;B
20240213;100239;590.300000000;28;9591051796;B
20240213;100240;590.250000000;200;9591051990;S
20240213;100241;590.300000000;20;9591052064;B
20240213;100241;590.200000000;50;9591052084;S
20240213;100241;590.300000000;1;9591052090;B
20240213;100241;590.200000000;200;9591052104;S
20240213;100242;590.200000000;2;9591052279;S
20240213;100242;590.250000000;14;9591052284;B
20240213;100242;590.200000000;25;9591052339;B
20240213;100244;590.200000000;40;9591052724;S
20240213;100245;590.250000000;1;9591052774;B
20240213;100246;590.200000000;5;9591052922;S
20240213;100248;590.250000000;3;9591053295;B
20240213;100248;590.200000000;50;9591053309;S
20240213;100249;590.200000000;46;9591053337;S
20240213;100249;590.200000000;104;9591053338;S
20240213;100249;590.250000000;1;9591053353;B
20240213;100251;590.200000000;2;9591053806;B
20240213;100252;590.100000000;20;9591053993;S
20240213;100255;590.200000000;1;9591054352;B
20240213;100257;590.100000000;100;9591054527;S
20240213;100257;590.100000000;1;9591054581;S
20240213;100302;590.100000000;14;9591056165;S
20240213;100302;590.100000000;36;9591056166;S
20240213;100303;590.200000000;1;9591056904;B
20240213;100304;590.100000000;1;9591058319;S
20240213;100305;590.200000000;27;9591058905;B
20240213;100305;590.200000000;2;9591058906;B
20240213;100305;590.250000000;491;9591058907;B
20240213;100305;590.250000000;5;9591058908;B
20240213;100305;590.250000000;20;9591058909;B
20240213;100305;590.300000000;15;9591058910;B
20240213;100305;590.300000000;1000;9591058911;B
20240213;100305;590.300000000;35;9591058912;B
20240213;100305;590.400000000;170;9591058913;B
20240213;100305;590.400000000;150;9591058914;B
20240213;100305;590.450000000;2;9591058915;B
20240213;100305;590.500000000;42;9591058916;B
20240213;100305;590.500000000;100;9591058917;B
20240213;100305;590.500000000;100;9591058918;B
20240213;100305;590.500000000;752;9591058919;B
20240213;100305;590.500000000;1;9591058920;B
20240213;100305;590.500000000;2;9591058921;B
20240213;100305;590.550000000;2;9591058922;B
20240213;100305;590.550000000;500;9591058923;B
20240213;100305;590.600000000;1000;9591058924;B
20240213;100305;590.600000000;1;9591058925;B
20240213;100305;590.600000000;135;9591058926;B
20240213;100305;590.650000000;1;9591058927;B
20240213;100305;590.650000000;2;9591058928;B
20240213;100305;590.650000000;135;9591058929;B
20240213;100305;590.650000000;423;9591058930;B
20240213;100305;590.700000000;300;9591058931;B
20240213;100305;590.700000000;1;9591058932;B
20240213;100305;590.700000000;86;9591058933;B
20240213;100306;590.550000000;3;9591059043;B
20240213;100306;590.200000000;1;9591059064;S
20240213;100310;590.350000000;54;9591060201;S
20240213;100310;590.300000000;3946;9591060202;S
20240213;100310;590.450000000;1;9591060287;B
20240213;100311;590.450000000;59;9591060437;B
20240213;100314;590.350000000;9;9591061042;S
20240213;100315;590.400000000;7;9591061229;S
20240213;100315;590.450000000;1;9591061234;B
20240213;100316;590.450000000;1;9591061468;B
20240213;100316;590.450000000;1;9591061487;B
20240213;100316;590.400000000;20;9591061521;S
20240213;100317;590.450000000;150;9591061588;B
20240213;100319;590.400000000;1;9591061783;S
20240213;100320;590.400000000;1;9591062026;S
20240213;100321;590.450000000;1;9591062089;B
20240213;100322;590.400000000;1;9591062172;S
20240213;100324;590.450000000;13;9591062452;B
20240213;100324;590.450000000;125;9591062491;B
20240213;100324;590.450000000;1;9591062501;B
20240213;100326;590.450000000;40;9591062986;S
20240213;100326;590.500000000;2;9591063066;B
20240213;100326;590.500000000;136;9591063067;B
20240213;100327;590.450000000;5;9591063222;S
20240213;100327;590.450000000;3;9591063227;S
20240213;100328;590.500000000;35;9591063315;B
20240213;100328;590.500000000;110;9591063357;B
20240213;100328;590.500000000;28;9591063482;B
20240213;100329;590.500000000;1;9591063584;B
20240213;100329;590.450000000;5;9591063596;S
20240213;100330;590.500000000;10;9591063688;B
20240213;100330;590.500000000;2;9591063777;B
20240213;100331;590.500000000;40;9591063915;B
20240213;100332;590.450000000;4;9591063968;S
20240213;100332;590.450000000;4;9591064071;S
20240213;100333;590.450000000;1;9591064125;S
20240213;100334;590.500000000;5;9591064295;B
20240213;100336;590.450000000;3;9591064695;S
20240213;100337;590.500000000;26;9591064716;B
20240213;100338;590.500000000;2;9591065014;B
20240213;100339;590.500000000;2;9591065144;B
20240213;100341;590.450000000;1;9591065434;S
20240213;100341;590.500000000;2;9591065494;B
20240213;100344;590.450000000;2;9591065752;S
20240213;100344;590.450000000;59;9591065760;S
20240213;100344;590.500000000;1;9591065799;B
20240213;100345;590.450000000;1;9591066026;S
20240213;100346;590.450000000;1;9591066125;S
20240213;100347;590.450000000;2;9591066226;S
20240213;100347;590.500000000;1;9591066227;B
20240213;100349;590.450000000;10;9591066410;S
20240213;100349;590.500000000;1;9591066420;B
20240213;100349;590.500000000;2;9591066465;B
20240213;100352;590.450000000;1;9591066683;S
20240213;100352;590.450000000;1;9591066684;S
20240213;100352;590.450000000;3;9591066685;S
20240213;100352;590.450000000;1;9591066703;S
20240213;100352;590.450000000;1;9591066741;S
20240213;100352;590.500000000;1;9591066759;B
20240213;100353;590.500000000;2;9591066807;B
20240213;100354;590.500000000;1;9591066919;B
20240213;100355;590.500000000;5;9591067019;B
20240213;100355;590.500000000;1;9591067089;B
20240213;100357;590.450000000;120;9591067382;S
20240213;100358;590.500000000;1;9591067408;B
20240213;100358;590.450000000;85;9591067470;S
20240213;100359;590.450000000;20;9591067753;S
20240213;100359;590.500000000;3;9591067762;B
20240213;100400;590.500000000;2;9591067871;B
20240213;100400;590.500000000;1;9591068012;B
20240213;100402;590.450000000;48;9591068223;S
20240213;100402;590.350000000;1;9591068227;S
20240213;100402;590.350000000;22;9591068231;S
20240213;100403;590.350000000;440;9591068533;S
20240213;100407;590.300000000;30;9591069225;S
20240213;100408;590.400000000;11;9591069316;B
20240213;100410;590.350000000;5;9591069696;S
20240213;100410;590.350000000;1;9591069697;S
20240213;100410;590.350000000;11;9591069698;S
20240213;100411;590.400000000;1;9591069816;B
20240213;100411;590.350000000;5;9591069817;S
20240213;100411;590.350000000;3;9591069839;S
20240213;100411;590.300000000;1;9591069840;S
20240213;100412;590.350000000;1;9591070082;S
20240213;100412;590.300000000;54;9591070083;S
20240213;100414;590.350000000;10;9591070301;S
20240213;100415;590.350000000;1;9591070432;S
20240213;100416;590.400000000;1;9591070564;B
20240213;100420;590.400000000;2;9591071217;B
20240213;100420;590.350000000;2;9591071218;S
20240213;100421;590.400000000;1;9591071284;B
20240213;100421;590.450000000;10;9591071342;B
20240213;100424;590.350000000;1;9591071860;S
20240213;100424;590.350000000;8;9591071864;S
20240213;100425;590.400000000;1;9591071990;B
20240213;100427;590.350000000;113;9591072506;S
20240213;100427;590.350000000;10;9591072507;S
20240213;100428;590.400000000;4;9591072578;B
20240213;100428;590.350000000;5;9591072647;S
20240213;100429;590.350000000;3;9591072931;S
20240213;100430;590.400000000;1;9591073006;B
20240213;100432;590.400000000;1;9591073412;B
20240213;100433;590.400000000;1;9591073476;B
20240213;100433;590.350000000;10;9591073509;S
20240213;100435;590.350000000;103;9591073893;S
20240213;100435;590.350000000;14;9591073894;S
20240213;100440;590.400000000;5;9591074650;B
20240213;100441;590.300000000;8;9591074851;S
20240213;100441;590.300000000;2;9591074852;S
20240213;100441;590.300000000;959;9591074853;S
20240213;100441;590.300000000;150;9591074854;S
20240213;100442;590.200000000;135;9591075063;S
20240213;100442;590.150000000;25;9591075064;S
20240213;100442;590.150000000;135;9591075065;S
20240213;100442;590.150000000;3;9591075066;S
20240213;100444;590.300000000;2;9591075422;B
20240213;100446;590.350000000;4;9591075963;B
20240213;100446;590.350000000;10;9591076056;B
20240213;100449;590.300000000;1;9591076742;B
20240213;100449;590.300000000;10;9591076744;B
20240213;100451;590.300000000;1;9591076958;B
20240213;100452;590.100000000;13;9591077537;S
20240213;100452;590.100000000;15;9591077538;S
20240213;100452;590.100000000;20;9591077539;S
20240213;100452;590.100000000;1;9591077540;S
20240213;100452;590.050000000;10;9591077541;S
20240213;100452;590.050000000;2;9591077542;S
20240213;100452;590.000000000;5;9591077543;S
20240213;100452;590.000000000;76;9591077544;S
20240213;100452;589.950000000;158;9591077545;S
20240213;100452;590.100000000;1;9591077599;B
20240213;100452;589.950000000;4;9591077615;S
20240213;100452;590.100000000;10;9591077623;B
20240213;100452;590.100000000;10;9591077634;B
20240213;100452;590.100000000;1;9591077670;B
20240213;100453;590.100000000;54;9591077747;B
20240213;100453;590.100000000;150;9591077748;B
20240213;100453;590.300000000;2;9591077749;B
20240213;100453;590.300000000;94;9591077750;B
20240213;100453;590.300000000;3;9591077765;B
20240213;100500;590.150000000;2;9591078982;B
20240213;100502;590.100000000;2;9591079435;B
20240213;100502;590.000000000;2;9591079470;S
20240213;100503;590.050000000;13;9591079789;B
20240213;100503;590.050000000;1;9591079897;B
20240213;100504;590.050000000;13;9591079940;B
20240213;100504;590.050000000;112;9591080080;B
20240213;100504;590.050000000;17;9591080113;B
20240213;100504;590.050000000;9;9591080114;S
20240213;100506;590.100000000;1;9591080571;B
20240213;100506;590.150000000;12;9591080572;B
20240213;100507;590.200000000;38;9591080696;S
20240213;100507;590.200000000;119;9591080697;S
20240213;100507;589.950000000;2;9591080737;S
20240213;100511;590.100000000;125;9591081315;S
20240213;100511;590.150000000;2;9591081325;B
20240213;100514;590.050000000;3;9591081855;B
20240213;100515;590.100000000;1;9591082123;B
20240213;100516;590.050000000;3;9591082286;B
20240213;100517;589.950000000;21;9591082509;S
20240213;100517;589.950000000;2;9591082515;S
20240213;100518;590.050000000;40;9591082725;B
20240213;100520;589.950000000;1;9591083117;S
20240213;100520;590.000000000;10;9591083122;S
20240213;100521;590.050000000;39;9591083143;B
20240213;100522;590.050000000;16;9591083560;S
20240213;100522;590.000000000;4;9591083561;S
20240213;100526;590.100000000;40;9591084247;B
20240213;100527;590.100000000;53;9591084365;B
20240213;100528;590.050000000;1;9591084654;S
20240213;100529;590.100000000;1;9591084683;B
20240213;100530;590.100000000;6;9591084940;B
20240213;100530;590.100000000;1;9591084941;B
20240213;100530;590.150000000;20;9591084942;B
20240213;100531;590.250000000;83;9591085073;B
20240213;100531;590.200000000;8;9591085228;S
20240213;100532;590.200000000;150;9591085279;S
20240213;100532;590.150000000;21;9591085283;B
20240213;100532;590.250000000;61;9591085318;B
20240213;100532;590.250000000;26;9591085358;B
20240213;100532;590.300000000;83;9591085492;B
20240213;100532;590.300000000;55;9591085539;B
20240213;100533;590.300000000;105;9591085667;B
20240213;100534;590.250000000;1;9591085928;S
20240213;100534;590.250000000;1;9591085988;S
20240213;100534;590.300000000;414;9591086065;B
20240213;100534;590.300000000;46;9591086066;B
20240213;100534;590.300000000;79;9591086080;B
20240213;100535;590.250000000;36;9591086164;S
20240213;100535;590.300000000;18;9591086237;B
20240213;100535;590.300000000;3;9591086238;B
20240213;100536;590.350000000;20;9591086367;B
20240213;100536;590.400000000;21;9591086368;B
20240213;100536;590.400000000;75;9591086511;B
20240213;100536;590.400000000;63;9591086512;B
20240213;100537;590.450000000;5;9591086763;B
20240213;100537;590.450000000;33;9591086764;B
20240213;100537;590.450000000;27;9591086823;B
20240213;100538;590.450000000;34;9591086940;B
20240213;100538;590.400000000;1;9591086988;S
20240213;100539;590.450000000;39;9591087140;B
20240213;100539;590.400000000;4;9591087197;S
20240213;100539;590.450000000;2;9591087291;B
20240213;100539;590.400000000;15;9591087332;S
20240213;100539;590.450000000;14;9591087351;B
20240213;100540;590.450000000;95;9591087429;B
20240213;100542;590.500000000;10;9591087673;B
20240213;100542;590.500000000;170;9591087717;B
20240213;100542;590.450000000;350;9591087772;S
20240213;100546;590.500000000;1;9591088212;B
20240213;100546;590.500000000;33;9591088228;B
20240213;100546;590.500000000;1;9591088283;B
20240213;100546;590.450000000;15;9591088301;S
20240213;100547;590.450000000;8;9591088382;S
20240213;100548;590.450000000;10;9591088497;S
20240213;100549;590.500000000;3364;9591088676;B
20240213;100549;590.500000000;20;9591088677;B
20240213;100549;590.500000000;1200;9591088678;B
20240213;100549;590.500000000;6;9591088679;B
20240213;100549;590.500000000;6;9591088680;B
20240213;100549;590.500000000;10;9591088681;B
20240213;100549;590.500000000;10;9591088682;B
20240213;100549;590.500000000;200;9591088683;B
20240213;100549;590.500000000;184;9591088684;B
20240213;100549;590.500000000;1316;9591088685;B
20240213;100549;590.500000000;25;9591088686;B
20240213;100550;590.650000000;5;9591088736;B
20240213;100550;590.650000000;5;9591088737;B
20240213;100550;590.650000000;5;9591088738;B
20240213;100550;590.650000000;5;9591088739;B
20240213;100550;590.650000000;35;9591088740;B
20240213;100551;590.550000000;1;9591088878;S
20240213;100551;590.700000000;1;9591088923;B
20240213;100551;590.700000000;49;9591088924;B
20240213;100552;590.650000000;12;9591088965;S
20240213;100552;590.500000000;18;9591088966;S
20240213;100554;590.550000000;1;9591089222;S
20240213;100555;590.500000000;10;9591089318;S
20240213;100555;590.550000000;1;9591089391;B
20240213;100556;590.550000000;26;9591089482;S
20240213;100557;590.650000000;84;9591089562;B
20240213;100557;590.700000000;416;9591089563;B
20240213;100600;590.500000000;10;9591090081;S
20240213;100602;590.700000000;100;9591090420;B
20240213;100602;590.700000000;50;9591090421;B
20240213;100602;590.700000000;25;9591090422;B
20240213;100602;590.750000000;25;9591090423;B
20240213;100603;590.500000000;490;9591090467;S
20240213;100603;590.500000000;213;9591090468;S
20240213;100603;590.500000000;597;9591090469;B
20240213;100604;590.750000000;75;9591090636;B
20240213;100604;590.750000000;1;9591090637;B
20240213;100604;590.750000000;14;9591090638;B
20240213;100605;590.550000000;1;9591090837;S
20240213;100605;590.550000000;3;9591090948;S
20240213;100607;590.600000000;1;9591091301;S
20240213;100608;590.750000000;19;9591091430;B
20240213;100608;590.600000000;10;9591091475;S
20240213;100610;590.550000000;20;9591091770;S
20240213;100611;590.750000000;2;9591092001;B
20240213;100615;590.650000000;1;9591092407;B
20240213;100615;590.700000000;2;9591092408;B
20240213;100616;590.700000000;5;9591092508;B
20240213;100617;590.700000000;1;9591092602;B
20240213;100617;590.700000000;5;9591092614;B
20240213;100619;590.650000000;6;9591092874;S
20240213;100621;590.700000000;1;9591093057;B
20240213;100622;590.750000000;2;9591093151;B
20240213;100625;590.750000000;40;9591093648;B
20240213;100625;590.750000000;4;9591093682;B
20240213;100625;590.700000000;2;9591093719;S
20240213;100628;590.650000000;1;9591094184;S
20240213;100628;590.700000000;1;9591094185;B
20240213;100629;590.700000000;1;9591094347;B
20240213;100630;590.700000000;2;9591094451;B
20240213;100631;590.700000000;10;9591094573;B
20240213;100631;590.750000000;19;9591094574;B
20240213;100631;590.750000000;25;9591094575;B
20240213;100631;590.750000000;1;9591094576;B
20240213;100631;590.750000000;33;9591094577;B
20240213;100632;590.650000000;1;9591094859;S
20240213;100637;590.750000000;10;9591095471;B
20240213;100640;590.800000000;1;9591095949;B
20240213;100640;590.800000000;1;9591095950;B
20240213;100640;590.800000000;1;9591095951;B
20240213;100640;590.800000000;1;9591095964;B
20240213;100641;590.750000000;1;9591096224;B
20240213;100643;590.750000000;3;9591096450;B
20240213;100643;590.700000000;2;9591096522;S
20240213;100643;590.650000000;32;9591096523;S
20240213;100645;590.700000000;3;9591096688;S
20240213;100645;590.750000000;1;9591096747;B
20240213;100646;590.750000000;2;9591096987;B
20240213;100646;590.800000000;1;9591096988;B
20240213;100649;590.700000000;5;9591097278;S
20240213;100651;590.700000000;85;9591097516;S
20240213;100654;590.800000000;5;9591097882;B
20240213;100655;590.800000000;17;9591098026;B
20240213;100655;590.800000000;1;9591098027;B
20240213;100655;590.800000000;10;9591098028;B
20240213;100655;590.850000000;1;9591098029;B
20240213;100655;590.850000000;1;9591098030;B
20240213;100655;590.850000000;20;9591098031;B
20240213;100657;590.700000000;1;9591098293;B
20240213;100658;590.650000000;1;9591098394;S
20240213;100658;590.700000000;2;9591098417;B
20240213;100701;590.750000000;1;9591098780;B
20240213;100704;590.700000000;1;9591099022;B
20240213;100706;590.650000000;15;9591099275;S
20240213;100708;590.650000000;10;9591099484;S
20240213;100710;590.700000000;3;9591099667;B
20240213;100711;590.650000000;2;9591099775;S
20240213;100711;590.700000000;3;9591099791;B
20240213;100711;590.600000000;3;9591099802;S
20240213;100713;590.600000000;47;9591100059;S
20240213;100713;590.600000000;25;9591100060;S
20240213;100713;590.600000000;5;9591100061;S
20240213;100713;590.600000000;25;9591100062;S
20240213;100713;590.600000000;208;9591100063;S
20240213;100713;590.550000000;593;9591100064;S
20240213;100715;590.650000000;30;9591100369;B
20240213;100717;590.700000000;4;9591100513;B
20240213;100717;590.700000000;12;9591100514;B
20240213;100717;590.700000000;1;9591100515;B
20240213;100718;590.750000000;1;9591100708;B
20240213;100719;590.750000000;20;9591100716;B
20240213;100719;590.700000000;12;9591100738;S
20240213;100719;590.750000000;1;9591100760;B
20240213;100719;590.700000000;2;9591100797;S
20240213;100720;590.750000000;2;9591100824;B
20240213;100721;590.750000000;8;9591100900;B
20240213;100721;590.750000000;1;9591100906;B
20240213;100722;590.750000000;9;9591101083;B
20240213;100722;590.750000000;10;9591101158;B
20240213;100722;590.700000000;5;9591101182;S
20240213;100723;590.750000000;1;9591101252;B
20240213;100723;590.700000000;3;9591101275;S
20240213;100728;590.750000000;1;9591101762;B
20240213;100728;590.700000000;25;9591101790;S
20240213;100728;590.750000000;3;9591101806;B
20240213;100729;590.700000000;1;9591101887;S
20240213;100730;590.750000000;8;9591101995;B
20240213;100730;590.750000000;4;9591102019;B
20240213;100731;590.700000000;18;9591102085;S
20240213;100731;590.700000000;8;9591102118;S
20240213;100731;590.750000000;2;9591102129;B
20240213;100732;590.750000000;1;9591102247;B
20240213;100735;590.750000000;170;9591102577;B
20240213;100735;590.700000000;4;9591102578;S
20240213;100737;590.700000000;5;9591102738;S
20240213;100737;590.750000000;3;9591102745;B
20240213;100737;590.800000000;9;9591102777;B
20240213;100739;590.750000000;5;9591102936;S
20240213;100741;590.750000000;5;9591103177;S
20240213;100741;590.800000000;1;9591103295;B
20240213;100742;590.750000000;1;9591103323;S
20240213;100742;590.750000000;2;9591103356;S
20240213;100742;590.750000000;29;9591103371;S
20240213;100743;590.800000000;2;9591103525;B
20240213;100744;590.750000000;8;9591103555;S
20240213;100744;590.800000000;2;9591103567;B
20240213;100744;590.800000000;15;9591103631;B
20240213;100745;590.800000000;2;9591103699;B
20240213;100745;590.750000000;7;9591103772;S
20240213;100747;590.750000000;8;9591103949;S
20240213;100747;590.750000000;2;9591103950;S
20240213;100747;590.800000000;190;9591103952;B
20240213;100747;590.700000000;17;9591103976;S
20240213;100747;590.700000000;8;9591103977;S
20240213;100755;590.800000000;2;9591105008;B
20240213;100755;590.800000000;1;9591105060;B
20240213;100757;590.800000000;2;9591105399;B
20240213;100759;590.800000000;50;9591105577;B
20240213;100759;590.800000000;1;9591105587;B
20240213;100759;590.800000000;1;9591105676;B
20240213;100800;590.800000000;1;9591105776;B
20240213;100800;590.750000000;1;9591105800;S
20240213;100800;590.750000000;1;9591105808;S
20240213;100802;590.800000000;3;9591105961;B
20240213;100803;590.750000000;84;9591106057;S
20240213;100803;590.800000000;20;9591106063;B
20240213;100803;590.750000000;2;9591106104;S
20240213;100804;590.800000000;2;9591106292;B
20240213;100805;590.800000000;1;9591106373;B
20240213;100806;590.750000000;2;9591106463;S
20240213;100807;590.750000000;3;9591106615;S
20240213;100812;590.800000000;5;9591107243;B
20240213;100813;590.800000000;18;9591107359;B
20240213;100813;590.800000000;28;9591107457;B
20240213;100813;590.800000000;110;9591107505;B
20240213;100813;590.800000000;92;9591107565;B
20240213;100815;590.800000000;119;9591107892;B
20240213;100816;590.800000000;13;9591108163;B
20240213;100817;590.800000000;10;9591108213;B
20240213;100817;590.800000000;1;9591108226;B
20240213;100817;590.800000000;3;9591108298;B
20240213;100817;590.800000000;296;9591108299;B
20240213;100817;590.800000000;20;9591108300;B
20240213;100817;590.800000000;50;9591108301;B
20240213;100817;590.800000000;2;9591108302;B
20240213;100817;590.800000000;200;9591108303;B
20240213;100817;590.800000000;85;9591108304;B
20240213;100817;590.800000000;50;9591108305;B
20240213;100818;590.850000000;4;9591108312;B
20240213;100819;590.800000000;10;9591108440;S
20240213;100819;590.800000000;25;9591108518;S
20240213;100820;590.850000000;26;9591108593;B
20240213;100820;590.850000000;1;9591108594;B
20240213;100820;590.850000000;25;9591108595;B
20240213;100820;590.800000000;1;9591108656;S
20240213;100820;590.850000000;8;9591108689;B
20240213;100821;590.800000000;1;9591108881;S
20240213;100822;590.800000000;40;9591108954;S
20240213;100823;590.850000000;17;9591109126;B
20240213;100823;590.850000000;1;9591109127;B
20240213;100823;590.850000000;10;9591109128;B
20240213;100823;590.850000000;20;9591109129;B
20240213;100823;590.850000000;2;9591109130;B
20240213;100826;590.850000000;5;9591109424;S
20240213;100826;590.900000000;2;9591109438;B
20240213;100826;590.850000000;1;9591109491;S
20240213;100826;590.900000000;2;9591109494;B
20240213;100826;590.850000000;62;9591109513;S
20240213;100826;590.900000000;1;9591109545;B
20240213;100827;590.900000000;1;9591109594;B
20240213;100827;590.900000000;1;9591109622;B
20240213;100829;590.850000000;25;9591109793;S
20240213;100829;590.850000000;1;9591109869;S
20240213;100830;590.900000000;3;9591109949;B
20240213;100830;590.900000000;1;9591109990;B
20240213;100831;590.900000000;3;9591110001;B
20240213;100831;590.900000000;3;9591110086;B
20240213;100832;590.900000000;6;9591110162;B
20240213;100832;590.900000000;1;9591110163;B
20240213;100832;590.900000000;131;9591110164;B
20240213;100832;590.900000000;1;9591110270;B
20240213;100832;590.900000000;1;9591110293;B
20240213;100833;590.900000000;10;9591110375;B
20240213;100833;590.900000000;1;9591110396;B
20240213;100833;590.900000000;56;9591110415;B
20240213;100833;590.900000000;162;9591110416;B
20240213;100833;590.900000000;1;9591110417;B
20240213;100833;590.900000000;15;9591110418;B
20240213;100833;590.900000000;200;9591110419;B
20240213;100833;590.900000000;300;9591110420;B
20240213;100833;590.900000000;472;9591110421;B
20240213;100833;590.900000000;278;9591110422;B
20240213;100833;590.900000000;1;9591110423;B
20240213;100833;590.900000000;10;9591110424;B
20240213;100833;590.900000000;10;9591110425;B
20240213;100833;590.900000000;2;9591110426;B
20240213;100833;590.900000000;20;9591110427;B
20240213;100833;590.900000000;1;9591110428;B
20240213;100833;590.900000000;1;9591110438;B
20240213;100833;590.900000000;499;9591110439;B
20240213;100834;590.950000000;1;9591110483;B
20240213;100834;590.950000000;1;9591110484;B
20240213;100834;590.950000000;1;9591110485;B
20240213;100834;590.950000000;34;9591110486;B
20240213;100834;590.950000000;9;9591110489;B
20240213;100834;590.950000000;5;9591110493;B
20240213;100835;590.950000000;152;9591110621;B
20240213;100835;590.950000000;2;9591110671;B
20240213;100836;590.900000000;338;9591110743;S
20240213;100836;590.850000000;56;9591110744;S
20240213;100836;590.850000000;135;9591110745;S
20240213;100836;590.800000000;58;9591110746;S
20240213;100836;590.750000000;135;9591110747;S
20240213;100836;590.750000000;150;9591110748;S
20240213;100836;590.700000000;8;9591110749;S
20240213;100836;590.700000000;2;9591110750;S
20240213;100836;590.700000000;25;9591110751;S
20240213;100836;590.700000000;510;9591110752;S
20240213;100836;590.700000000;423;9591110753;S
20240213;100836;590.650000000;5;9591110754;S
20240213;100836;590.600000000;25;9591110755;S
20240213;100836;590.600000000;65;9591110756;S
20240213;100836;590.550000000;1407;9591110757;S
20240213;100836;590.450000000;1;9591110758;S
20240213;100836;590.400000000;1;9591110759;S
20240213;100836;590.400000000;100;9591110760;S
20240213;100836;590.400000000;100;9591110761;S
20240213;100836;590.400000000;400;9591110762;S
20240213;100836;590.400000000;100;9591110763;S
20240213;100836;590.350000000;1530;9591110764;S
20240213;100836;590.300000000;95;9591110765;S
20240213;100836;590.300000000;4000;9591110766;S
20240213;100836;590.300000000;211;9591110767;B
20240213;100836;590.300000000;6;9591110768;B
20240213;100836;590.300000000;92;9591110769;B
20240213;100836;590.300000000;5;9591110772;B
20240213;100836;590.300000000;6;9591110800;B
20240213;100836;590.300000000;11;9591110810;B
20240213;100836;590.650000000;56;9591110811;B
20240213;100836;590.750000000;88;9591110812;B
20240213;100836;590.850000000;95;9591110813;B
20240213;100836;590.850000000;100;9591110836;B
20240213;100836;590.800000000;12;9591110852;B
20240213;100836;590.850000000;81;9591110853;B
20240213;100837;590.650000000;1;9591111175;S
20240213;100837;590.650000000;2;9591111204;S
20240213;100839;590.800000000;1;9591111375;B
20240213;100841;590.750000000;1;9591111493;B
20240213;100844;590.750000000;4;9591111938;B
20240213;100847;590.750000000;2;9591112317;B
20240213;100847;590.750000000;1;9591112348;B
20240213;100848;590.650000000;3;9591112511;S
20240213;100848;590.750000000;20;9591112525;B
20240213;100849;590.650000000;17;9591112622;S
20240213;100849;590.650000000;283;9591112623;S
20240213;100850;590.750000000;2;9591112661;B
20240213;100852;590.650000000;3;9591112918;S
20240213;100854;590.650000000;7;9591113209;S
20240213;100855;590.600000000;1;9591113246;S
20240213;100856;590.650000000;3;9591113369;B
20240213;100901;590.650000000;1;9591114171;B
20240213;100901;590.600000000;5;9591114238;S
20240213;100902;590.600000000;4;9591114298;S
20240213;100902;590.550000000;1;9591114299;S
20240213;100902;590.550000000;5;9591114300;S
20240213;100903;590.650000000;5;9591114522;B
20240213;100905;590.650000000;3;9591114688;B
20240213;100906;590.650000000;3;9591114768;B
20240213;100906;590.650000000;10;9591114814;B
20240213;100907;590.600000000;74;9591114859;S
20240213;100908;590.650000000;1;9591114992;B
20240213;100910;590.600000000;10;9591115189;S
20240213;100911;590.600000000;1;9591115259;S
20240213;100911;590.600000000;3;9591115291;S
20240213;100911;590.600000000;47;9591115297;S
20240213;100911;590.600000000;1;9591115298;S
20240213;100913;590.550000000;20;9591115500;S
20240213;100917;590.550000000;1;9591115893;S
20240213;100917;590.550000000;2;9591115930;B
20240213;100919;590.450000000;20;9591116239;S
20240213;100921;590.450000000;2;9591116399;S
20240213;100921;590.450000000;2;9591116432;S
20240213;100921;590.500000000;2;9591116447;B
20240213;100921;590.450000000;2;9591116449;S
20240213;100923;590.450000000;109;9591116647;S
20240213;100924;590.400000000;1;9591116743;S
20240213;100924;590.400000000;2;9591116749;B
20240213;100924;590.400000000;188;9591116775;B
20240213;100924;590.450000000;62;9591116776;B
20240213;100934;590.350000000;5;9591117935;S
20240213;100934;590.350000000;63;9591117936;S
20240213;100934;590.400000000;1;9591117940;B
20240213;100934;590.350000000;3;9591117954;S
20240213;100934;590.350000000;5;9591117961;S
20240213;100934;590.400000000;10;9591117996;B
20240213;100936;590.350000000;64;9591118097;S
20240213;100937;590.300000000;236;9591118203;S
20240213;100937;590.400000000;1;9591118207;B
20240213;100940;590.350000000;2;9591118628;B
20240213;100941;590.400000000;13;9591118711;B
20240213;100944;590.400000000;1;9591118976;B
20240213;100945;590.400000000;31;9591119266;B
20240213;100945;590.400000000;43;9591119267;B
20240213;100947;590.450000000;2;9591119495;B
20240213;100947;590.450000000;2;9591119616;B
20240213;100948;590.450000000;66;9591119652;B
20240213;100948;590.450000000;16;9591119683;S
20240213;100949;590.450000000;10;9591119846;S
20240213;100950;590.500000000;1;9591119938;B
20240213;100950;590.500000000;2;9591119939;B
20240213;100950;590.450000000;3;9591119946;S
20240213;100950;590.500000000;1;9591119947;B
20240213;100950;590.450000000;4;9591119958;S
20240213;100951;590.450000000;1;9591120051;S
20240213;100953;590.600000000;5;9591120470;B
20240213;100955;590.450000000;4;9591120654;S
20240213;100956;590.600000000;3;9591120758;B
20240213;100959;590.600000000;20;9591121189;B
20240213;101001;590.600000000;3;9591121609;B
20240213;101002;590.600000000;4;9591121772;B
20240213;101002;590.600000000;1;9591121821;B
20240213;101002;590.550000000;2;9591121880;S
20240213;101003;590.600000000;3;9591121975;B
20240213;101003;590.550000000;2;9591121978;S
20240213;101003;590.550000000;6;9591121980;S
20240213;101003;590.600000000;10;9591121990;B
20240213;101004;590.550000000;13;9591122023;S
20240213;101004;590.600000000;1;9591122062;B
20240213;101005;590.600000000;2;9591122195;B
20240213;101005;590.600000000;43;9591122196;B
20240213;101005;590.600000000;1;9591122197;B
20240213;101005;590.600000000;170;9591122198;B
20240213;101005;590.600000000;1;9591122269;B
20240213;101006;590.600000000;86;9591122302;B
20240213;101006;590.600000000;1;9591122325;B
20240213;101006;590.600000000;8;9591122385;B
20240213;101006;590.600000000;33;9591122386;B
20240213;101006;590.550000000;1;9591122388;S
20240213;101006;590.550000000;10;9591122390;S
20240213;101006;590.600000000;4;9591122391;B
20240213;101007;590.600000000;1;9591122428;B
20240213;101007;590.550000000;3;9591122478;S
20240213;101008;590.600000000;15;9591122579;B
20240213;101008;590.600000000;56;9591122580;B
20240213;101008;590.550000000;55;9591122588;S
20240213;101008;590.600000000;99;9591122630;B
20240213;101009;590.600000000;21;9591122707;B
20240213;101010;590.600000000;68;9591122820;B
20240213;101010;590.600000000;2;9591122890;B
20240213;101011;590.600000000;435;9591122937;B
20240213;101011;590.600000000;15;9591122938;B
20240213;101011;590.600000000;2;9591122939;B
20240213;101011;590.650000000;176;9591122940;B
20240213;101011;590.650000000;107;9591122958;B
20240213;101011;590.600000000;2;9591122984;S
20240213;101012;590.650000000;1;9591123023;B
20240213;101012;590.650000000;36;9591123126;B
20240213;101012;590.650000000;2;9591123180;B
20240213;101013;590.650000000;1;9591123227;B
20240213;101013;590.650000000;39;9591123228;B
20240213;101016;590.650000000;36;9591123604;B
20240213;101016;590.650000000;3;9591123609;B
20240213;101016;590.650000000;1;9591123690;B
20240213;101017;590.650000000;6;9591123743;B
20240213;101018;590.650000000;3;9591123916;B
20240213;101018;590.650000000;4;9591123917;B
20240213;101019;590.650000000;5;9591124016;B
20240213;101019;590.650000000;1;9591124017;B
20240213;101019;590.650000000;25;9591124098;B
20240213;101021;590.650000000;39;9591124194;B
20240213;101022;590.650000000;2;9591124306;B
20240213;101023;590.650000000;32;9591124489;B
20240213;101023;590.650000000;1;9591124540;B
20240213;101024;590.650000000;25;9591124649;B
20240213;101026;590.650000000;2;9591124935;B
20240213;101026;590.600000000;50;9591124965;S
20240213;101026;590.600000000;5;9591124966;S
20240213;101027;590.650000000;1;9591125042;B
20240213;101027;590.650000000;59;9591125104;B
20240213;101027;590.600000000;100;9591125134;S
20240213;101028;590.650000000;7;9591125268;B
20240213;101030;590.650000000;1;9591125389;B
20240213;101030;590.650000000;2;9591125403;B
20240213;101030;590.650000000;1;9591125404;B
20240213;101031;590.650000000;9;9591125605;B
20240213;101033;590.600000000;1;9591125904;S
20240213;101033;590.650000000;35;9591125943;B
20240213;101034;590.650000000;2;9591126040;B
20240213;101035;590.650000000;3;9591126125;B
20240213;101035;590.650000000;248;9591126126;B
20240213;101035;590.650000000;1;9591126136;B
20240213;101035;590.600000000;17;9591126211;S
20240213;101036;590.650000000;1;9591126395;B
20240213;101037;590.650000000;1;9591126446;B
20240213;101037;590.650000000;3;9591126465;B
20240213;101038;590.600000000;2;9591126507;S
20240213;101038;590.650000000;1;9591126510;B
20240213;101040;590.600000000;3;9591126801;S
20240213;101040;590.650000000;1;9591126872;B
20240213;101042;590.600000000;18;9591127192;S
20240213;101043;590.650000000;34;9591127266;B
20240213;101043;590.650000000;5;9591127267;B
20240213;101043;590.650000000;10;9591127268;B
20240213;101043;590.650000000;2;9591127269;B
20240213;101043;590.650000000;1;9591127270;B
20240213;101043;590.650000000;200;9591127271;B
20240213;101043;590.650000000;86;9591127272;B
20240213;101045;590.650000000;20;9591127519;B
20240213;101046;590.600000000;5;9591127655;S
20240213;101047;590.600000000;2;9591127940;S
20240213;101048;590.650000000;5;9591128026;B
20240213;101050;590.650000000;369;9591128223;B
20240213;101050;590.650000000;31;9591128224;B
20240213;101051;590.600000000;3;9591128363;S
20240213;101052;590.650000000;3;9591128404;B
20240213;101052;590.600000000;354;9591128480;S
20240213;101052;590.600000000;11;9591128481;S
20240213;101052;590.600000000;3;9591128482;S
20240213;101052;590.600000000;34;9591128483;S
20240213;101052;590.600000000;7;9591128484;S
20240213;101052;590.600000000;28;9591128485;S
20240213;101052;590.600000000;24;9591128486;S
20240213;101052;590.600000000;36;9591128487;S
20240213;101052;590.600000000;15;9591128488;S
20240213;101052;590.600000000;176;9591128489;S
20240213;101052;590.600000000;28;9591128490;S
20240213;101052;590.600000000;560;9591128491;S
20240213;101052;590.600000000;1;9591128492;S
20240213;101052;590.600000000;1;9591128493;S
20240213;101052;590.600000000;79;9591128494;S
20240213;101052;590.600000000;100;9591128495;S
20240213;101052;590.550000000;50;9591128496;S
20240213;101052;590.500000000;135;9591128497;S
20240213;101052;590.500000000;423;9591128498;S
20240213;101052;590.450000000;135;9591128499;S
20240213;101052;590.400000000;10;9591128500;S
20240213;101052;590.400000000;5;9591128501;S
20240213;101052;590.400000000;135;9591128502;S
20240213;101052;590.350000000;1;9591128503;S
20240213;101052;590.350000000;150;9591128504;S
20240213;101052;590.300000000;64;9591128505;S
20240213;101052;590.300000000;5;9591128506;S
20240213;101052;590.300000000;2;9591128507;S
20240213;101052;590.300000000;115;9591128508;S
20240213;101052;590.300000000;50;9591128509;S
20240213;101052;590.250000000;5;9591128510;S
20240213;101052;590.250000000;500;9591128511;S
20240213;101052;590.250000000;2;9591128512;S
20240213;101052;590.200000000;10;9591128513;S
20240213;101052;590.200000000;2;9591128514;S
20240213;101052;590.200000000;176;9591128515;S
20240213;101052;590.150000000;200;9591128516;S
20240213;101052;590.150000000;2;9591128517;S
20240213;101052;590.150000000;276;9591128518;S
20240213;101052;590.100000000;2;9591128519;S
20240213;101052;590.100000000;112;9591128520;S
20240213;101052;590.100000000;1;9591128521;S
20240213;101052;590.100000000;2;9591128522;S
20240213;101052;590.100000000;2;9591128523;S
20240213;101052;590.100000000;1;9591128524;S
20240213;101052;590.100000000;34;9591128525;S
20240213;101052;590.100000000;1;9591128526;S
20240213;101052;590.050000000;1999;9591128527;S
20240213;101052;590.050000000;2;9591128528;S
20240213;101052;590.050000000;500;9591128529;S
20240213;101052;590.050000000;12;9591128530;S
20240213;101052;590.000000000;3422;9591128531;S
20240213;101053;590.150000000;1;9591128700;S
20240213;101058;590.200000000;5;9591129261;S
20240213;101058;590.150000000;5;9591129262;S
20240213;101102;590.400000000;5;9591129653;B
20240213;101102;590.450000000;15;9591129654;B
20240213;101102;590.450000000;1;9591129737;B
20240213;101103;590.450000000;11;9591129814;B
20240213;101103;590.500000000;49;9591129815;B
20240213;101108;590.450000000;1;9591130324;B
20240213;101108;590.400000000;50;9591130464;B
20240213;101108;590.450000000;10;9591130465;B
20240213;101112;590.500000000;7;9591130850;B
20240213;101112;590.500000000;5;9591130926;B
20240213;101113;590.450000000;20;9591131001;S
20240213;101115;590.450000000;1;9591131196;B
20240213;101115;590.500000000;8;9591131197;B
20240213;101115;590.500000000;66;9591131198;B
20240213;101117;590.600000000;2;9591131464;B
20240213;101117;590.350000000;2;9591131503;S
20240213;101117;590.350000000;5;9591131504;S
20240213;101117;590.300000000;3;9591131505;S
20240213;101123;590.400000000;1;9591132050;S
20240213;101123;590.400000000;28;9591132051;S
20240213;101123;590.300000000;21;9591132052;S
20240213;101131;590.500000000;4;9591133218;B
20240213;101132;590.500000000;1;9591133517;B
20240213;101132;590.500000000;4;9591133518;B
20240213;101135;590.500000000;2;9591133972;B
20240213;101136;590.500000000;1;9591134071;B
20240213;101139;590.300000000;1;9591134376;S
20240213;101139;590.500000000;1;9591134489;B
20240213;101145;590.500000000;1;9591135147;B
20240213;101146;590.300000000;1;9591135210;S
20240213;101146;590.300000000;19;9591135211;S
20240213;101148;590.350000000;1;9591135485;S
20240213;101149;590.350000000;10;9591135585;S
20240213;101150;590.500000000;3;9591135758;B
20240213;101152;590.500000000;2;9591135908;B
20240213;101152;590.500000000;1;9591135909;B
20240213;101152;590.500000000;7;9591135910;B
20240213;101153;590.500000000;5;9591136081;B
20240213;101154;590.350000000;44;9591136266;S
20240213;101203;590.400000000;3;9591137255;B
20240213;101204;590.400000000;34;9591137460;B
20240213;101208;590.350000000;1;9591137922;B
20240213;101208;590.350000000;2;9591137968;B
20240213;101209;590.300000000;64;9591138078;S
20240213;101209;590.300000000;30;9591138079;S
20240213;101209;590.300000000;10;9591138080;S
20240213;101209;590.250000000;3;9591138081;S
20240213;101210;590.350000000;2;9591138217;B
20240213;101210;590.350000000;2;9591138242;B
20240213;101212;590.350000000;1;9591138629;B
20240213;101218;590.250000000;1;9591139368;S
20240213;101218;590.250000000;2;9591139369;S
20240213;101218;590.250000000;28;9591139370;S
20240213;101218;590.250000000;20;9591139371;S
20240213;101222;590.200000000;1;9591139947;S
20240213;101222;590.200000000;8;9591139966;S
20240213;101222;590.250000000;25;9591139968;B
20240213;101223;590.250000000;3;9591140095;B
20240213;101224;590.250000000;1;9591140254;B
20240213;101226;590.250000000;10;9591140406;B
20240213;101226;590.200000000;1;9591140464;S
20240213;101227;590.250000000;2;9591140530;B
20240213;101227;590.250000000;1;9591140559;B
20240213;101228;590.250000000;1;9591140737;B
20240213;101230;590.250000000;7;9591140893;B
20240213;101230;590.200000000;31;9591140894;S
20240213;101230;590.200000000;88;9591140895;S
20240213;101230;590.200000000;32;9591140896;S
20240213;101230;590.200000000;15;9591140897;S
20240213;101230;590.150000000;1;9591140989;S
20240213;101230;590.150000000;2;9591140990;S
20240213;101231;590.200000000;1;9591141087;B
20240213;101231;590.200000000;8;9591141116;B
20240213;101232;590.250000000;399;9591141246;B
20240213;101232;590.250000000;2;9591141247;B
20240213;101234;590.350000000;3;9591141409;B
20240213;101234;590.350000000;7;9591141461;B
20240213;101234;590.400000000;3;9591141462;B
20240213;101236;590.350000000;5;9591141677;S
20240213;101236;590.350000000;22;9591141678;S
20240213;101237;590.300000000;1;9591141788;S
20240213;101240;590.350000000;3;9591142057;B
20240213;101242;590.350000000;2;9591142368;B
20240213;101242;590.350000000;1;9591142430;B
20240213;101243;590.300000000;12;9591142508;S
20240213;101245;590.350000000;1;9591142746;B
20240213;101245;590.350000000;9;9591142758;B
20240213;101245;590.350000000;13;9591142814;B
20240213;101246;590.350000000;96;9591142852;B
20240213;101246;590.350000000;1;9591142868;B
20240213;101247;590.300000000;3;9591142948;S
20240213;101247;590.350000000;20;9591142957;B
20240213;101248;590.300000000;2;9591143034;S
20240213;101250;590.350000000;65;9591143175;B
20240213;101250;590.300000000;261;9591143193;S
20240213;101250;590.300000000;29;9591143194;S
20240213;101250;590.350000000;10;9591143207;B
20240213;101251;590.300000000;2;9591143246;S
20240213;101251;590.350000000;51;9591143329;B
20240213;101251;590.350000000;8;9591143342;B
20240213;101252;590.350000000;9;9591143437;B
20240213;101254;590.300000000;2;9591143599;S
20240213;101254;590.350000000;3;9591143627;B
20240213;101254;590.350000000;3;9591143638;B
20240213;101255;590.300000000;7;9591143708;S
20240213;101255;590.300000000;1;9591143709;S
20240213;101255;590.300000000;42;9591143710;S
20240213;101257;590.350000000;2;9591143881;B
20240213;101258;590.300000000;5;9591144013;S
20240213;101258;590.300000000;1;9591144042;S
20240213;101259;590.300000000;3;9591144158;S
20240213;101300;590.350000000;4;9591144246;B
20240213;101301;590.300000000;98;9591144428;S
20240213;101301;590.300000000;1;9591144429;S
20240213;101301;590.300000000;71;9591144430;S
20240213;101304;590.300000000;1;9591144704;S
20240213;101304;590.350000000;1;9591144795;B
20240213;101305;590.350000000;100;9591144830;B
20240213;101305;590.300000000;1;9591144975;S
20240213;101306;590.300000000;3;9591144999;S
20240213;101306;590.350000000;15;9591145099;B
20240213;101309;590.350000000;2;9591145520;B
20240213;101309;590.350000000;1;9591145521;B
20240213;101309;590.350000000;4;9591145530;B
20240213;101310;590.350000000;66;9591145600;B
20240213;101312;590.300000000;1;9591145937;S
20240213;101313;590.300000000;20;9591146062;S
20240213;101313;590.300000000;15;9591146063;S
20240213;101314;590.350000000;2;9591146189;B
20240213;101318;590.300000000;1;9591146550;S
20240213;101318;590.300000000;3;9591146551;S
20240213;101318;590.350000000;2;9591146630;B
20240213;101320;590.350000000;1;9591146853;B
20240213;101321;590.350000000;3;9591146997;B
20240213;101321;590.350000000;1;9591147078;B
20240213;101324;590.350000000;7;9591147529;B
20240213;101324;590.300000000;2;9591147544;S
20240213;101324;590.250000000;198;9591147545;S
20240213;101327;590.250000000;401;9591147846;S
20240213;101327;590.250000000;7;9591147847;S
20240213;101331;590.250000000;10;9591148227;S
20240213;101332;590.300000000;5;9591148357;B
20240213;101333;590.250000000;1;9591148524;S
20240213;101333;590.250000000;2;9591148568;S
20240213;101333;590.250000000;8;9591148569;S
20240213;101338;590.250000000;2;9591149158;S
20240213;101338;590.250000000;2;9591149159;S
20240213;101340;590.350000000;1;9591149474;B
20240213;101340;590.250000000;1;9591149489;S
20240213;101342;590.350000000;1;9591149687;B
20240213;101345;590.250000000;17;9591150027;S
20240213;101345;590.250000000;5;9591150028;S
20240213;101345;590.250000000;1;9591150029;S
20240213;101347;590.300000000;1;9591150343;B
20240213;101348;590.250000000;1;9591150508;S
20240213;101348;590.200000000;6;9591150509;S
20240213;101352;590.350000000;1;9591150879;B
20240213;101357;590.300000000;4;9591151641;B
20240213;101358;590.300000000;1;9591151759;B
20240213;101359;590.250000000;2;9591151825;S
20240213;101359;590.300000000;2;9591151862;B
20240213;101401;590.250000000;1;9591152132;S
20240213;101404;590.250000000;2;9591152485;S
20240213;101404;590.200000000;11;9591152499;S
20240213;101404;590.300000000;1;9591152502;B
20240213;101405;590.200000000;2;9591152662;S
20240213;101405;590.300000000;1;9591152690;B
20240213;101405;590.300000000;1;9591152705;B
20240213;101409;590.300000000;1;9591153082;B
20240213;101412;590.250000000;15;9591153423;B
20240213;101413;590.250000000;185;9591153583;B
20240213;101413;590.250000000;87;9591153584;B
20240213;101413;590.300000000;77;9591153585;B
20240213;101413;590.350000000;64;9591153586;B
20240213;101413;590.350000000;1;9591153587;B
20240213;101413;590.350000000;1;9591153588;B
20240213;101413;590.350000000;5;9591153589;B
20240213;101413;590.350000000;8;9591153590;B
20240213;101413;590.400000000;242;9591153591;B
20240213;101415;590.300000000;1;9591153822;S
20240213;101415;590.250000000;1;9591153823;S
20240213;101418;590.400000000;3;9591154164;B
20240213;101420;590.200000000;5;9591154411;S
20240213;101420;590.400000000;100;9591154461;B
20240213;101422;590.400000000;15;9591154573;B
20240213;101422;590.400000000;1;9591154641;B
20240213;101426;590.300000000;2;9591155209;S
20240213;101426;590.250000000;2;9591155210;S
20240213;101426;590.250000000;50;9591155211;S
20240213;101426;590.250000000;90;9591155212;S
20240213;101426;590.200000000;595;9591155213;S
20240213;101427;590.200000000;2;9591155354;S
20240213;101433;590.400000000;9;9591156002;B
20240213;101436;590.200000000;4;9591156459;S
20240213;101442;590.350000000;2;9591157105;B
20240213;101447;590.200000000;60;9591157594;S
20240213;101450;590.350000000;70;9591157958;B
20240213;101450;590.350000000;117;9591158000;B
20240213;101452;590.400000000;3;9591158166;B
20240213;101455;590.300000000;3;9591158519;B
20240213;101458;590.300000000;2;9591158861;S
20240213;101510;590.250000000;8;9591161030;S
20240213;101513;590.250000000;50;9591161784;S
20240213;101513;590.200000000;10;9591161785;S
20240213;101514;590.250000000;1;9591161959;S
20240213;101514;590.250000000;5;9591161960;S
20240213;101514;590.300000000;30;9591162027;B
20240213;101515;590.250000000;6;9591162201;S
20240213;101515;590.200000000;19;9591162211;S
20240213;101517;590.300000000;1;9591162563;B
20240213;101519;590.300000000;1;9591162921;B
20240213;101520;590.300000000;18;9591163050;B
20240213;101520;590.350000000;68;9591163051;B
20240213;101520;590.400000000;314;9591163052;B
20240213;101521;590.250000000;2;9591163116;S
20240213;101523;590.400000000;1;9591163414;B
20240213;101536;590.400000000;25;9591165396;B
20240213;101536;590.300000000;2;9591165434;S
20240213;101538;590.400000000;2;9591165682;B
20240213;101538;590.400000000;2;9591165760;B
20240213;101538;590.300000000;2;9591165764;S
20240213;101538;590.300000000;24;9591165765;S
20240213;101538;590.250000000;7;9591165766;S
20240213;101538;590.250000000;23;9591165767;S
20240213;101538;590.200000000;144;9591165768;S
20240213;101542;590.400000000;1;9591166351;B
20240213;101546;590.200000000;8;9591166975;S
20240213;101548;590.250000000;1;9591167337;S
20240213;101548;590.300000000;10;9591167371;B
20240213;101548;590.300000000;1;9591167379;B
20240213;101549;590.250000000;3;9591167574;S
20240213;101549;590.300000000;1;9591167579;B
20240213;101549;590.250000000;1;9591167598;S
20240213;101550;590.250000000;1;9591167662;S
20240213;101551;590.300000000;1;9591167835;B
20240213;101554;590.250000000;1;9591168176;S
20240213;101554;590.250000000;1;9591168266;S
20240213;101555;590.300000000;5;9591168293;B
20240213;101555;590.300000000;3;9591168425;B
20240213;101555;590.300000000;3;9591168428;B
20240213;101556;590.250000000;1;9591168606;S
20240213;101557;590.300000000;3;9591168704;B
20240213;101557;590.300000000;13;9591168732;B
20240213;101557;590.350000000;36;9591168733;B
20240213;101559;590.400000000;1;9591169108;B
20240213;101600;590.400000000;1;9591169206;B
20240213;101600;590.250000000;2;9591169219;S
20240213;101600;590.400000000;1;9591169271;B
20240213;101601;590.250000000;1;9591169365;S
20240213;101609;590.400000000;6;9591170456;B
20240213;101609;590.300000000;3;9591170516;S
20240213;101611;590.300000000;3;9591170777;S
20240213;101611;590.300000000;8;9591170778;S
20240213;101611;590.250000000;1;9591170779;S
20240213;101612;590.300000000;3;9591170956;S
20240213;101616;590.350000000;1;9591171544;B
20240213;101617;590.350000000;1;9591171787;B
20240213;101620;590.350000000;1;9591172118;B
20240213;101620;590.350000000;1;9591172178;B
20240213;101621;590.300000000;1;9591172319;S
20240213;101622;590.300000000;1;9591172385;S
20240213;101622;590.350000000;15;9591172386;B
20240213;101622;590.350000000;3;9591172399;B
20240213;101623;590.300000000;64;9591172553;S
20240213;101623;590.300000000;2;9591172554;S
20240213;101623;590.250000000;1;9591172555;S
20240213;101623;590.250000000;510;9591172556;S
20240213;101623;590.200000000;2134;9591172557;S
20240213;101623;590.200000000;1;9591172558;S
20240213;101623;590.200000000;15;9591172559;S
20240213;101623;590.200000000;3;9591172560;S
20240213;101623;590.200000000;135;9591172561;S
20240213;101623;590.200000000;423;9591172562;S
20240213;101623;590.150000000;3;9591172563;S
20240213;101623;590.150000000;25;9591172564;S
20240213;101623;590.150000000;80;9591172565;S
20240213;101623;590.150000000;135;9591172566;S
20240213;101623;590.100000000;20;9591172567;S
20240213;101623;590.100000000;1;9591172568;S
20240213;101623;590.100000000;135;9591172569;S
20240213;101623;590.050000000;5;9591172570;S
20240213;101623;590.000000000;1308;9591172571;S
20240213;101626;590.250000000;2;9591173005;B
20240213;101626;590.300000000;1;9591173006;B
20240213;101627;590.300000000;16;9591173100;B
20240213;101630;590.050000000;5;9591173611;S
20240213;101630;590.050000000;2;9591173612;S
20240213;101630;590.300000000;9;9591173668;B
20240213;101632;590.050000000;1;9591173920;S
20240213;101633;590.200000000;2;9591174009;B
20240213;101634;590.200000000;2;9591174075;B
20240213;101639;590.200000000;1;9591175025;B
20240213;101639;590.250000000;1;9591175026;B
20240213;101641;590.200000000;1;9591175371;B
20240213;101644;590.200000000;1;9591175723;B
20240213;101644;590.200000000;4;9591175724;B
20240213;101646;590.200000000;1;9591175940;B
20240213;101648;590.200000000;19;9591176308;B
20240213;101652;590.200000000;1;9591177058;B
20240213;101654;590.200000000;2;9591177298;B
20240213;101656;590.200000000;20;9591177615;B
20240213;101700;590.200000000;2;9591178422;B
20240213;101703;590.050000000;2;9591178832;S
20240213;101704;590.200000000;100;9591178876;B
20240213;101704;590.050000000;12;9591178892;S
20240213;101704;590.050000000;135;9591178893;S
20240213;101704;590.050000000;69;9591178894;S
20240213;101704;590.000000000;3;9591178937;S
20240213;101705;590.050000000;15;9591179015;B
20240213;101705;590.000000000;1;9591179059;S
20240213;101705;590.050000000;1;9591179118;B
20240213;101707;590.050000000;2;9591179347;B
20240213;101707;590.000000000;10;9591179390;S
20240213;101708;590.050000000;2;9591179410;B
20240213;101709;590.050000000;5;9591179588;B
20240213;101709;590.050000000;59;9591179595;B
20240213;101710;590.050000000;10;9591179729;S
20240213;101710;590.150000000;1;9591179773;B
20240213;101712;590.100000000;2;9591180003;S
20240213;101717;590.200000000;4;9591180719;B
20240213;101720;590.200000000;1;9591181010;B
20240213;101724;590.200000000;1;9591181555;B
20240213;101725;590.100000000;1;9591181643;S
20240213;101725;590.100000000;21;9591181685;S
20240213;101728;590.200000000;3;9591182092;B
20240213;101731;590.200000000;4;9591182465;B
20240213;101731;590.200000000;6;9591182499;B
20240213;101732;590.200000000;1;9591182555;B
20240213;101732;590.200000000;2;9591182615;B
20240213;101732;590.150000000;1;9591182620;S
20240213;101732;590.200000000;8;9591182622;B
