<DATE>;<TIME>;<LAST>;<VOL>;<ID>;<OPER>
20240119;095959;573.950000000;1;9445290602;S
20240119;095959;573.950000000;9;9445290603;S
20240119;095959;573.950000000;1;9445290604;S
20240119;095959;573.950000000;2;9445290605;S
20240119;095959;573.950000000;2;9445290606;S
20240119;095959;573.950000000;3;9445290607;S
20240119;095959;573.950000000;2;9445290608;S
20240119;095959;573.950000000;1;9445290609;S
20240119;095959;573.950000000;1;9445290610;S
20240119;095959;573.950000000;2;9445290611;S
20240119;095959;573.950000000;1;9445290612;S
20240119;095959;573.950000000;4;9445290613;S
20240119;095959;573.950000000;2;9445290614;S
20240119;095959;573.950000000;3;9445290615;S
20240119;095959;573.950000000;2;9445290616;S
20240119;095959;573.950000000;9;9445290617;S
20240119;095959;573.950000000;1;9445290618;S
20240119;095959;573.950000000;1;9445290619;S
20240119;095959;573.950000000;1;9445290620;S
20240119;095959;573.950000000;4;9445290621;B
20240119;095959;573.950000000;5;9445290622;B
20240119;095959;573.950000000;18;9445290623;B
20240119;095959;573.950000000;1;9445290624;S
20240119;095959;573.950000000;131;9445290625;S
20240119;095959;573.950000000;7;9445290626;S
20240119;095959;573.950000000;1;9445290627;B
20240119;095959;573.950000000;3;9445290628;B
20240119;095959;573.950000000;1;9445290629;B
20240119;095959;573.950000000;1;9445290630;B
20240119;095959;573.950000000;15;9445290631;S
20240119;095959;573.950000000;4;9445290632;S
20240119;095959;573.950000000;1;9445290633;S
20240119;095959;573.950000000;2;9445290634;S
20240119;095959;573.950000000;1;9445290635;S
20240119;095959;573.950000000;2;9445290636;S
20240119;095959;573.950000000;20;9445290637;S
20240119;095959;573.950000000;11;9445290638;B
20240119;095959;573.950000000;100;9445290639;S
20240119;095959;573.950000000;3;9445290640;S
20240119;095959;573.950000000;2;9445290641;B
20240119;095959;573.950000000;1;9445290642;B
20240119;095959;573.950000000;2;9445290643;B
20240119;095959;573.950000000;41;9445290644;B
20240119;095959;573.950000000;4;9445290645;S
20240119;095959;573.950000000;19;9445290646;S
20240119;095959;573.950000000;1;9445290647;S
20240119;095959;573.950000000;10;9445290648;S
20240119;095959;573.950000000;425;9445290649;B
20240119;095959;573.950000000;3;9445290650;S
20240119;095959;573.950000000;2;9445290651;B
20240119;095959;573.950000000;74;9445290652;B
20240119;095959;573.950000000;1;9445290653;B
20240119;095959;573.950000000;15;9445290654;B
20240119;095959;573.950000000;2;9445290655;B
20240119;095959;573.950000000;1;9445290656;B
20240119;095959;573.950000000;1;9445290657;B
20240119;095959;573.950000000;4;9445290658;B
20240119;095959;573.950000000;3;9445290659;B
20240119;095959;573.950000000;3;9445290660;B
20240119;095959;573.950000000;2;9445290661;B
20240119;095959;573.950000000;1;9445290662;B
20240119;095959;573.950000000;3;9445290663;B
20240119;095959;573.950000000;1;9445290664;B
20240119;095959;573.950000000;1;9445290665;B
20240119;095959;573.950000000;1;9445290666;B
20240119;095959;573.950000000;1;9445290667;B
20240119;095959;573.950000000;2;9445290668;B
20240119;095959;573.950000000;1;9445290669;B
20240119;095959;573.950000000;1;9445290670;B
20240119;095959;573.950000000;3;9445290671;B
20240119;095959;573.950000000;2;9445290672;B
20240119;095959;573.950000000;3;9445290673;B
20240119;095959;573.950000000;2;9445290674;S
20240119;095959;573.950000000;10;9445290675;S
20240119;095959;573.950000000;19;9445290676;S
20240119;095959;573.950000000;1;9445290677;S
20240119;095959;573.950000000;23;9445290678;S
20240119;095959;573.950000000;1;9445290679;S
20240119;095959;573.950000000;12;9445290680;S
20240119;095959;573.950000000;9;9445290681;S
20240119;095959;573.950000000;3;9445290682;S
20240119;095959;573.950000000;76;9445290683;S
20240119;095959;573.950000000;1;9445290684;S
20240119;095959;573.950000000;1;9445290685;B
20240119;095959;573.950000000;422;9445290686;B
20240119;095959;573.950000000;478;9445290687;B
20240119;095959;573.950000000;22;9445290688;B
20240119;095959;573.950000000;478;9445290689;B
20240119;095959;573.950000000;7;9445290690;S
20240119;095959;573.950000000;1;9445290691;S
20240119;095959;573.950000000;10;9445290692;S
20240119;095959;573.950000000;1;9445290693;S
20240119;095959;573.950000000;1;9445290694;S
20240119;095959;573.950000000;1;9445290695;S
20240119;095959;573.950000000;1;9445290696;S
20240119;095959;573.950000000;1;9445290697;B
20240119;095959;573.950000000;29;9445290698;B
20240119;095959;573.950000000;1;9445290699;S
20240119;095959;573.950000000;10;9445290700;B
20240119;095959;573.950000000;1;9445290701;B
20240119;095959;573.950000000;2;9445290702;B
20240119;095959;573.950000000;2;9445290703;B
20240119;095959;573.950000000;1;9445290704;B
20240119;095959;573.950000000;1;9445290705;B
20240119;095959;573.950000000;1;9445290706;B
20240119;095959;573.950000000;2;9445290707;B
20240119;095959;573.950000000;3;9445290708;S
20240119;095959;573.950000000;1;9445290709;S
20240119;095959;573.950000000;7;9445290710;S
20240119;095959;573.950000000;2;9445290711;S
20240119;095959;573.950000000;1;9445290712;S
20240119;095959;573.950000000;1;9445290713;S
20240119;095959;573.950000000;1;9445290714;S
20240119;095959;573.950000000;1;9445290715;S
20240119;095959;573.950000000;2;9445290716;S
20240119;095959;573.950000000;1;9445290717;S
20240119;095959;573.950000000;1;9445290718;S
20240119;095959;573.950000000;1;9445290719;S
20240119;095959;573.950000000;1;9445290720;S
20240119;095959;573.950000000;1;9445290721;S
20240119;095959;573.950000000;2;9445290722;S
20240119;095959;573.950000000;2;9445290723;S
20240119;095959;573.950000000;1;9445290724;S
20240119;095959;573.950000000;3;9445290725;S
20240119;095959;573.950000000;1;9445290726;S
20240119;095959;573.950000000;3;9445290727;S
20240119;095959;573.950000000;9;9445290728;S
20240119;095959;573.950000000;2;9445290729;S
20240119;095959;573.950000000;7;9445290730;S
20240119;095959;573.950000000;1;9445290731;S
20240119;095959;573.950000000;1;9445290732;S
20240119;095959;573.950000000;2;9445290733;S
20240119;100000;574.000000000;1;9445291056;B
20240119;100000;574.000000000;9;9445291359;B
20240119;100000;574.000000000;1;9445291360;B
20240119;100000;574.000000000;1;9445291361;B
20240119;100000;574.000000000;2;9445291362;B
20240119;100000;574.000000000;2;9445291363;B
20240119;100000;574.000000000;385;9445291364;B
20240119;100001;573.950000000;1;9445291399;S
20240119;100001;573.950000000;1;9445291400;S
20240119;100001;573.950000000;5;9445291544;S
20240119;100001;573.950000000;1;9445291545;S
20240119;100001;573.950000000;5;9445291546;S
20240119;100001;573.950000000;2;9445291547;S
20240119;100001;573.950000000;2;9445291548;S
20240119;100001;573.950000000;17;9445291549;S
20240119;100001;573.950000000;2;9445291550;S
20240119;100001;573.950000000;1;9445291551;S
20240119;100001;573.950000000;20;9445291552;S
20240119;100001;573.950000000;2;9445291553;S
20240119;100001;573.950000000;3;9445291554;S
20240119;100001;573.950000000;1;9445291555;S
20240119;100001;573.950000000;1;9445291556;S
20240119;100001;573.950000000;10;9445291557;S
20240119;100001;573.950000000;1;9445291558;S
20240119;100001;573.950000000;7;9445291559;S
20240119;100001;573.950000000;26;9445291560;S
20240119;100001;573.850000000;3;9445291655;S
20240119;100002;573.900000000;94;9445292048;S
20240119;100002;573.900000000;414;9445292140;S
20240119;100003;573.850000000;7;9445292268;S
20240119;100003;573.850000000;407;9445292269;S
20240119;100003;573.850000000;169;9445292270;S
20240119;100003;573.900000000;28;9445292275;B
20240119;100003;573.900000000;1;9445292488;S
20240119;100003;573.950000000;2;9445292490;B
20240119;100003;573.900000000;1;9445292491;S
20240119;100003;573.950000000;1;9445292492;B
20240119;100003;573.900000000;2;9445292493;S
20240119;100003;573.950000000;1;9445292497;B
20240119;100004;573.900000000;4;9445292852;S
20240119;100004;573.950000000;8;9445292854;B
20240119;100004;574.000000000;4;9445292855;B
20240119;100004;574.000000000;2;9445292856;B
20240119;100004;573.950000000;2;9445292857;S
20240119;100004;573.950000000;54;9445292885;S
20240119;100004;573.900000000;64;9445292886;S
20240119;100004;573.900000000;7;9445292887;S
20240119;100004;573.850000000;31;9445292888;S
20240119;100004;573.800000000;4;9445292889;S
20240119;100004;573.800000000;8;9445292890;S
20240119;100004;573.800000000;10;9445292891;S
20240119;100004;573.800000000;1;9445292892;S
20240119;100004;573.800000000;1;9445292893;S
20240119;100004;573.800000000;1;9445292894;S
20240119;100004;573.800000000;1;9445292895;S
20240119;100004;573.800000000;8;9445292896;S
20240119;100004;573.800000000;2;9445292897;S
20240119;100004;573.800000000;8;9445292898;S
20240119;100004;573.850000000;4;9445293235;S
20240119;100004;573.850000000;2;9445293236;S
20240119;100004;574.000000000;1;9445293241;B
20240119;100004;573.850000000;1;9445293242;S
20240119;100004;574.000000000;2;9445293247;B
20240119;100004;573.850000000;2;9445293321;S
20240119;100004;574.000000000;2;9445293322;B
20240119;100004;574.000000000;9;9445293324;B
20240119;100004;574.000000000;1;9445293325;B
20240119;100004;574.000000000;1;9445293327;B
20240119;100004;573.850000000;1;9445293329;S
20240119;100005;574.000000000;1;9445293460;B
20240119;100005;573.850000000;1;9445293461;S
20240119;100005;573.850000000;1;9445293464;S
20240119;100005;573.850000000;26;9445293469;S
20240119;100005;574.000000000;2;9445293470;B
20240119;100005;573.850000000;1;9445293471;S
20240119;100005;574.000000000;2;9445293473;B
20240119;100005;574.000000000;2;9445293488;B
20240119;100005;573.850000000;2;9445293491;S
20240119;100005;574.000000000;1;9445293496;B
20240119;100005;574.000000000;3;9445293563;B
20240119;100005;573.850000000;33;9445293567;S
20240119;100005;573.850000000;2;9445293569;S
20240119;100005;573.850000000;2;9445293573;S
20240119;100005;574.000000000;1;9445293575;B
20240119;100005;573.850000000;2;9445293587;S
20240119;100005;573.850000000;2;9445293589;S
20240119;100005;573.850000000;2;9445293594;S
20240119;100005;573.850000000;2;9445293596;S
20240119;100005;573.850000000;3;9445293600;S
20240119;100005;574.000000000;2;9445293620;B
20240119;100005;573.850000000;121;9445293791;S
20240119;100005;574.000000000;2;9445293802;B
20240119;100005;573.800000000;2;9445293954;S
20240119;100005;574.000000000;2;9445293958;B
20240119;100005;574.000000000;1;9445293959;B
20240119;100005;573.800000000;2;9445293962;S
20240119;100005;573.800000000;1;9445293964;S
20240119;100005;573.800000000;3;9445294029;S
20240119;100005;573.800000000;2;9445294032;S
20240119;100005;574.000000000;2;9445294035;B
20240119;100005;574.000000000;3;9445294037;B
20240119;100005;574.000000000;2;9445294039;B
20240119;100005;574.000000000;2;9445294041;B
20240119;100005;573.800000000;2;9445294209;S
20240119;100005;574.000000000;1;9445294210;B
20240119;100005;573.950000000;2;9445294212;B
20240119;100005;573.950000000;1;9445294213;B
20240119;100005;574.000000000;26;9445294216;B
20240119;100005;574.000000000;2;9445294218;B
20240119;100005;573.800000000;2;9445294386;S
20240119;100005;573.800000000;5;9445294387;S
20240119;100005;574.000000000;2;9445294388;B
20240119;100005;574.000000000;4;9445294392;B
20240119;100005;573.800000000;1;9445294394;S
20240119;100005;574.000000000;2;9445294397;B
20240119;100005;573.800000000;1;9445294399;S
20240119;100005;573.700000000;9;9445294400;S
20240119;100005;573.700000000;2;9445294404;S
20240119;100005;573.700000000;2;9445294566;S
20240119;100005;574.000000000;1;9445294571;B
20240119;100005;573.700000000;2;9445294580;S
20240119;100005;574.000000000;27;9445294584;B
20240119;100005;574.000000000;2;9445294585;B
20240119;100005;574.000000000;21;9445294586;B
20240119;100005;573.700000000;20;9445294587;S
20240119;100005;574.000000000;1;9445294642;B
20240119;100005;573.700000000;2;9445294644;S
20240119;100005;574.000000000;2;9445294710;B
20240119;100005;573.700000000;2;9445294906;S
20240119;100005;574.000000000;7;9445294907;B
20240119;100005;573.700000000;1;9445294908;S
20240119;100005;573.700000000;1;9445294909;S
20240119;100005;573.700000000;2;9445294910;S
20240119;100005;573.700000000;49;9445294911;S
20240119;100005;573.700000000;2;9445294975;S
20240119;100005;574.000000000;1;9445294978;B
20240119;100005;574.000000000;2;9445294980;B
20240119;100005;573.750000000;128;9445295130;S
20240119;100005;573.700000000;68;9445295131;S
20240119;100005;574.000000000;1;9445295133;B
20240119;100005;573.700000000;2;9445295135;S
20240119;100005;573.700000000;2;9445295136;S
20240119;100005;574.000000000;1;9445295138;B
20240119;100005;573.700000000;2;9445295140;S
20240119;100005;574.000000000;2;9445295142;B
20240119;100005;574.000000000;1;9445295154;B
20240119;100005;574.000000000;8;9445295161;B
20240119;100005;573.700000000;1;9445295168;S
20240119;100005;573.700000000;3;9445295169;S
20240119;100005;574.000000000;3;9445295171;B
20240119;100006;574.000000000;1;9445295436;B
20240119;100006;574.000000000;2;9445295437;B
20240119;100006;573.700000000;2;9445295438;S
20240119;100006;574.000000000;1;9445295439;B
20240119;100006;573.700000000;200;9445295483;S
20240119;100006;573.950000000;1;9445295850;B
20240119;100006;573.750000000;1;9445295852;S
20240119;100006;573.950000000;2;9445295859;B
20240119;100006;573.950000000;1;9445295890;B
20240119;100006;573.750000000;2;9445295893;S
20240119;100006;573.950000000;10;9445296031;B
20240119;100006;573.950000000;1;9445296174;B
20240119;100006;573.750000000;2;9445296175;S
20240119;100006;573.950000000;2;9445296176;B
20240119;100007;573.750000000;2;9445296552;S
20240119;100007;573.750000000;2;9445296554;S
20240119;100007;573.900000000;2;9445296555;B
20240119;100007;573.950000000;2;9445296556;B
20240119;100007;573.750000000;2;9445296557;S
20240119;100007;573.750000000;1;9445296558;S
20240119;100007;573.950000000;15;9445296559;B
20240119;100007;573.950000000;1;9445296560;B
20240119;100007;573.950000000;1;9445296561;B
20240119;100012;573.900000000;49;9445298430;B
20240119;100012;573.950000000;257;9445298431;B
20240119;100012;573.750000000;1;9445298505;S
20240119;100016;573.750000000;9;9445299435;S
20240119;100016;574.000000000;1;9445299590;B
20240119;100016;574.000000000;1;9445299605;B
20240119;100017;574.000000000;1;9445299780;B
20240119;100017;574.000000000;2;9445299781;B
20240119;100017;574.000000000;1;9445299782;B
20240119;100019;573.900000000;4;9445300269;B
20240119;100020;573.950000000;10;9445300535;B
20240119;100020;573.700000000;6;9445300545;S
20240119;100020;573.900000000;3;9445300627;S
20240119;100020;573.900000000;21;9445300628;S
20240119;100020;573.900000000;59;9445300629;S
20240119;100020;573.900000000;317;9445300630;S
20240119;100021;573.900000000;2;9445300919;B
20240119;100024;573.900000000;3;9445301324;B
20240119;100024;573.900000000;2;9445301370;B
20240119;100025;573.700000000;2;9445301474;S
20240119;100025;573.700000000;2;9445301528;S
20240119;100028;573.850000000;1;9445302408;B
20240119;100029;573.850000000;1;9445302424;B
20240119;100029;573.850000000;1;9445302425;B
20240119;100029;573.700000000;350;9445302458;S
20240119;100029;573.700000000;500;9445302586;S
20240119;100030;573.700000000;36;9445302740;S
20240119;100030;573.850000000;1;9445302818;B
20240119;100030;573.900000000;1;9445302848;B
20240119;100030;573.900000000;50;9445302858;B
20240119;100030;573.950000000;40;9445302859;B
20240119;100031;573.950000000;1;9445303087;B
20240119;100031;573.950000000;3;9445303095;B
20240119;100033;573.950000000;1;9445303280;B
20240119;100034;573.700000000;9;9445303676;S
20240119;100038;573.900000000;3;9445304225;B
20240119;100039;573.950000000;1;9445304369;B
20240119;100039;573.700000000;1;9445304377;S
20240119;100041;573.850000000;2;9445304644;S
20240119;100041;573.850000000;19;9445304645;S
20240119;100041;573.900000000;1;9445304647;B
20240119;100043;573.850000000;79;9445304964;S
20240119;100043;573.850000000;100;9445304965;S
20240119;100045;573.700000000;82;9445305545;S
20240119;100051;573.800000000;1;9445306651;B
20240119;100051;573.800000000;1;9445306652;B
20240119;100052;573.800000000;1;9445306765;B
20240119;100053;573.700000000;10;9445306954;S
20240119;100054;573.800000000;1;9445307020;B
20240119;100054;573.800000000;1;9445307150;B
20240119;100054;573.800000000;16;9445307151;B
20240119;100055;573.850000000;5;9445307510;B
20240119;100055;573.800000000;2;9445307559;B
20240119;100055;573.800000000;3;9445307624;B
20240119;100056;573.800000000;1;9445307714;S
20240119;100058;573.700000000;50;9445308048;S
20240119;100058;573.800000000;6;9445308137;B
20240119;100059;573.800000000;1;9445308186;S
20240119;100059;573.850000000;1;9445308265;B
20240119;100059;573.700000000;9;9445308293;S
20240119;100100;573.850000000;2;9445308426;B
20240119;100100;573.850000000;10;9445308547;B
20240119;100100;573.850000000;2;9445308551;B
20240119;100104;573.700000000;22;9445309148;S
20240119;100104;573.700000000;1;9445309149;S
20240119;100104;573.700000000;1;9445309150;S
20240119;100104;573.700000000;3;9445309151;S
20240119;100104;573.700000000;1;9445309152;S
20240119;100104;573.700000000;2;9445309153;S
20240119;100104;573.700000000;2;9445309154;S
20240119;100104;573.700000000;1;9445309155;S
20240119;100104;573.700000000;100;9445309156;S
20240119;100104;573.700000000;3;9445309157;S
20240119;100104;573.700000000;10;9445309158;S
20240119;100104;573.700000000;28;9445309159;S
20240119;100104;573.700000000;18;9445309160;S
20240119;100104;573.650000000;5;9445309161;S
20240119;100104;573.650000000;2;9445309162;S
20240119;100104;573.600000000;44;9445309163;S
20240119;100104;573.550000000;2;9445309164;S
20240119;100104;573.500000000;1;9445309165;S
20240119;100104;573.500000000;1;9445309166;S
20240119;100104;573.450000000;3;9445309167;S
20240119;100104;573.450000000;2;9445309168;S
20240119;100104;573.450000000;1;9445309169;S
20240119;100104;573.450000000;10;9445309170;S
20240119;100104;573.450000000;20;9445309171;S
20240119;100104;573.450000000;364;9445309172;S
20240119;100104;573.600000000;4;9445309223;S
20240119;100105;573.600000000;1;9445309311;S
20240119;100105;573.800000000;1;9445309393;B
20240119;100105;573.800000000;1;9445309394;B
20240119;100106;573.800000000;3;9445309499;B
20240119;100108;573.800000000;2;9445309855;B
20240119;100108;573.800000000;1;9445309872;B
20240119;100113;573.700000000;9;9445310460;S
20240119;100115;573.750000000;20;9445310947;B
20240119;100115;573.800000000;30;9445310948;B
20240119;100116;573.700000000;105;9445311155;S
20240119;100117;573.800000000;1;9445311194;B
20240119;100117;573.800000000;1;9445311263;B
20240119;100121;573.750000000;17;9445311735;B
20240119;100123;573.800000000;3;9445312126;B
20240119;100123;573.750000000;2;9445312131;S
20240119;100124;573.750000000;1;9445312381;S
20240119;100124;573.750000000;2;9445312528;S
20240119;100125;573.800000000;20;9445312636;B
20240119;100125;573.800000000;24;9445312749;B
20240119;100126;573.800000000;1;9445312816;B
20240119;100126;573.800000000;2;9445312857;B
20240119;100129;573.800000000;3;9445313307;B
20240119;100129;573.750000000;13;9445313345;S
20240119;100129;573.700000000;132;9445313346;S
20240119;100129;573.800000000;45;9445313355;B
20240119;100129;573.800000000;31;9445313356;B
20240119;100129;573.850000000;18;9445313357;B
20240119;100132;573.700000000;15;9445313761;S
20240119;100133;573.850000000;14;9445313865;B
20240119;100134;573.850000000;2;9445314057;B
20240119;100136;573.850000000;69;9445314352;B
20240119;100136;573.850000000;55;9445314378;B
20240119;100138;573.850000000;2;9445314674;B
20240119;100141;573.850000000;102;9445315117;B
20240119;100141;573.800000000;1;9445315165;S
20240119;100141;573.700000000;9;9445315166;S
20240119;100145;573.700000000;50;9445315519;S
20240119;100151;573.800000000;5;9445316312;S
20240119;100151;573.750000000;6;9445316313;S
20240119;100152;573.850000000;1;9445316394;B
20240119;100154;573.750000000;50;9445316671;S
20240119;100156;573.750000000;2;9445316826;S
20240119;100157;573.750000000;9;9445316977;S
20240119;100158;573.800000000;2;9445317174;B
20240119;100200;573.800000000;2;9445317273;B
20240119;100200;573.800000000;1;9445317307;B
20240119;100201;573.800000000;1;9445317492;B
20240119;100203;573.750000000;76;9445317770;S
20240119;100203;573.700000000;250;9445317771;S
20240119;100205;573.800000000;2;9445318063;B
20240119;100205;573.850000000;3;9445318064;B
20240119;100209;573.750000000;1;9445318425;S
20240119;100210;573.850000000;4;9445318658;B
20240119;100211;573.850000000;2;9445318676;B
20240119;100212;573.750000000;1;9445318835;S
20240119;100212;573.850000000;4;9445318857;B
20240119;100215;573.750000000;5;9445319060;S
20240119;100216;573.850000000;1;9445319190;B
20240119;100217;573.850000000;55;9445319300;B
20240119;100217;573.850000000;14;9445319343;B
20240119;100220;573.800000000;1;9445319727;S
20240119;100226;573.750000000;1;9445320567;S
20240119;100228;573.750000000;1;9445320933;S
20240119;100230;573.850000000;16;9445321162;B
20240119;100230;573.850000000;3;9445321163;B
20240119;100230;573.850000000;47;9445321164;B
20240119;100230;573.900000000;104;9445321165;B
20240119;100233;573.800000000;9;9445321596;S
20240119;100233;573.800000000;150;9445321597;S
20240119;100234;573.800000000;3;9445321715;B
20240119;100234;573.750000000;4;9445321853;S
20240119;100234;573.750000000;20;9445321854;S
20240119;100235;573.800000000;6;9445321893;B
20240119;100235;573.800000000;28;9445321914;B
20240119;100235;573.800000000;204;9445321977;B
20240119;100236;573.900000000;27;9445322111;B
20240119;100236;573.900000000;83;9445322153;B
20240119;100236;573.800000000;296;9445322191;S
20240119;100236;573.800000000;104;9445322192;S
20240119;100237;573.900000000;170;9445322339;B
20240119;100237;573.900000000;55;9445322427;B
20240119;100239;573.900000000;28;9445322687;B
20240119;100242;573.900000000;1;9445323024;B
20240119;100243;573.900000000;1;9445323248;B
20240119;100247;573.800000000;1;9445323624;S
20240119;100249;573.800000000;11;9445323891;S
20240119;100249;573.800000000;150;9445323892;S
20240119;100249;573.750000000;39;9445323893;S
20240119;100250;573.900000000;1;9445324023;B
20240119;100253;573.900000000;1;9445324369;B
20240119;100254;573.900000000;17;9445324558;B
20240119;100257;573.900000000;9;9445324932;B
20240119;100303;573.900000000;3;9445325462;B
20240119;100303;573.900000000;3;9445325463;B
20240119;100303;573.900000000;25;9445325464;B
20240119;100304;573.950000000;1;9445325668;B
20240119;100304;573.950000000;9;9445325690;B
20240119;100304;574.000000000;2;9445325691;B
20240119;100304;574.000000000;9;9445325692;B
20240119;100306;574.000000000;1;9445326244;B
20240119;100306;574.000000000;2;9445326316;B
20240119;100307;574.000000000;1;9445326484;B
20240119;100312;574.000000000;17;9445327055;B
20240119;100317;574.000000000;17;9445327569;B
20240119;100318;573.900000000;1;9445327717;S
20240119;100318;574.000000000;1;9445327745;B
20240119;100318;574.000000000;10;9445327823;B
20240119;100319;574.000000000;50;9445327934;B
20240119;100321;574.000000000;5;9445328220;B
20240119;100322;574.000000000;687;9445328330;B
20240119;100322;574.000000000;1;9445328331;B
20240119;100322;574.000000000;1;9445328332;B
20240119;100323;574.050000000;1;9445328354;B
20240119;100323;574.100000000;2;9445328499;B
20240119;100323;574.100000000;2;9445328500;B
20240119;100323;574.100000000;1;9445328501;B
20240119;100323;574.150000000;1;9445328502;B
20240119;100324;574.200000000;1;9445328620;B
20240119;100324;574.200000000;1;9445328621;B
20240119;100326;574.150000000;1;9445328902;B
20240119;100332;574.150000000;1;9445329763;B
20240119;100332;574.200000000;1;9445329764;B
20240119;100341;574.200000000;3;9445330836;B
20240119;100344;574.200000000;5;9445331342;B
20240119;100345;574.200000000;2;9445331434;B
20240119;100350;574.200000000;2;9445332140;B
20240119;100353;574.200000000;37;9445332509;B
20240119;100354;574.200000000;3;9445332576;S
20240119;100354;574.200000000;2;9445332593;S
20240119;100355;574.250000000;1;9445332732;B
20240119;100355;574.250000000;1;9445332733;B
20240119;100355;574.300000000;1;9445332734;B
20240119;100355;574.300000000;1;9445332735;B
20240119;100355;574.350000000;1;9445332736;B
20240119;100355;574.350000000;30;9445332737;B
20240119;100356;574.350000000;72;9445332818;B
20240119;100358;574.400000000;3;9445333171;B
20240119;100358;574.400000000;2;9445333224;B
20240119;100359;574.400000000;1;9445333308;B
20240119;100359;574.400000000;94;9445333401;B
20240119;100359;574.400000000;156;9445333402;B
20240119;100403;574.400000000;44;9445333931;B
20240119;100403;574.400000000;50;9445333932;B
20240119;100403;574.400000000;40;9445333933;B
20240119;100403;574.400000000;1;9445333934;B
20240119;100403;574.400000000;50;9445333935;B
20240119;100404;574.450000000;5;9445334018;B
20240119;100404;574.400000000;2;9445334095;S
20240119;100404;574.450000000;1;9445334119;B
20240119;100404;574.450000000;9;9445334131;B
20240119;100404;574.450000000;21;9445334132;B
20240119;100405;574.400000000;1;9445334174;S
20240119;100407;574.400000000;3;9445334452;S
20240119;100408;574.450000000;4;9445334734;B
20240119;100408;574.450000000;1;9445334738;B
20240119;100409;574.450000000;20;9445334830;B
20240119;100410;574.450000000;104;9445335170;B
20240119;100410;574.450000000;1;9445335171;B
20240119;100410;574.450000000;47;9445335172;B
20240119;100410;574.500000000;1;9445335187;B
20240119;100410;574.500000000;299;9445335188;B
20240119;100410;574.500000000;1;9445335232;B
20240119;100410;574.500000000;15;9445335256;B
20240119;100410;574.450000000;15;9445335281;S
20240119;100411;574.500000000;173;9445335345;B
20240119;100411;574.500000000;612;9445335360;B
20240119;100411;574.500000000;1;9445335361;B
20240119;100411;574.500000000;2;9445335362;B
20240119;100411;574.500000000;2;9445335363;B
20240119;100411;574.550000000;1;9445335364;B
20240119;100411;574.550000000;237;9445335365;B
20240119;100411;574.550000000;1;9445335396;B
20240119;100413;574.550000000;100;9445335640;B
20240119;100413;574.550000000;100;9445335670;B
20240119;100415;574.550000000;2;9445335895;B
20240119;100415;574.500000000;2;9445335943;S
20240119;100415;574.500000000;5;9445335944;S
20240119;100416;574.550000000;1;9445335976;B
20240119;100417;574.550000000;1;9445336109;B
20240119;100419;574.500000000;2;9445336346;S
20240119;100420;574.500000000;50;9445336619;S
20240119;100423;574.550000000;3;9445336940;B
20240119;100423;574.550000000;3;9445336968;B
20240119;100423;574.550000000;4;9445336976;B
20240119;100423;574.550000000;1;9445337034;B
20240119;100425;574.550000000;47;9445337203;B
20240119;100425;574.550000000;100;9445337204;B
20240119;100425;574.550000000;5;9445337205;B
20240119;100425;574.550000000;121;9445337206;B
20240119;100425;574.550000000;8;9445337207;B
20240119;100425;574.600000000;1;9445337208;B
20240119;100425;574.600000000;1;9445337209;B
20240119;100425;574.650000000;1;9445337210;B
20240119;100425;574.650000000;66;9445337211;B
20240119;100425;574.650000000;34;9445337212;B
20240119;100425;574.700000000;1;9445337449;B
20240119;100426;574.600000000;6;9445337613;S
20240119;100427;574.700000000;1;9445337725;B
20240119;100428;574.600000000;1;9445337909;S
20240119;100432;574.700000000;1;9445338360;B
20240119;100433;574.700000000;1;9445338697;B
20240119;100433;574.700000000;1;9445338698;B
20240119;100433;574.700000000;1;9445338699;B
20240119;100433;574.700000000;100;9445338700;B
20240119;100435;574.750000000;1;9445338909;B
20240119;100435;574.700000000;18;9445338933;S
20240119;100438;574.750000000;1;9445339368;B
20240119;100438;574.750000000;1;9445339416;B
20240119;100438;574.750000000;1;9445339417;B
20240119;100439;574.750000000;1;9445339510;B
20240119;100440;574.750000000;1;9445339831;B
20240119;100440;574.700000000;6;9445339879;S
20240119;100442;574.700000000;1;9445340049;S
20240119;100442;574.700000000;3;9445340100;S
20240119;100444;574.750000000;3;9445340422;B
20240119;100444;574.750000000;2;9445340423;B
20240119;100444;574.750000000;2;9445340424;B
20240119;100444;574.750000000;1;9445340425;B
20240119;100444;574.750000000;2;9445340426;B
20240119;100444;574.750000000;2;9445340427;B
20240119;100444;574.750000000;2;9445340428;B
20240119;100444;574.750000000;1;9445340429;B
20240119;100444;574.750000000;3;9445340430;B
20240119;100444;574.750000000;3;9445340431;B
20240119;100444;574.750000000;3;9445340432;B
20240119;100444;574.750000000;2;9445340433;B
20240119;100444;574.750000000;1;9445340434;B
20240119;100444;574.750000000;1;9445340435;B
20240119;100444;574.750000000;1;9445340436;B
20240119;100444;574.750000000;1;9445340437;B
20240119;100444;574.750000000;2;9445340438;B
20240119;100444;574.750000000;1;9445340439;B
20240119;100444;574.750000000;1;9445340440;B
20240119;100444;574.750000000;1;9445340441;B
20240119;100444;574.750000000;1;9445340442;B
20240119;100444;574.750000000;1;9445340443;B
20240119;100444;574.750000000;3;9445340444;B
20240119;100444;574.750000000;1;9445340445;B
20240119;100444;574.750000000;2;9445340446;B
20240119;100444;574.750000000;2;9445340447;B
20240119;100444;574.750000000;2;9445340448;B
20240119;100444;574.750000000;1;9445340449;B
20240119;100444;574.750000000;2;9445340450;B
20240119;100444;574.750000000;1;9445340451;B
20240119;100444;574.750000000;1;9445340452;B
20240119;100444;574.750000000;20;9445340453;B
20240119;100444;574.750000000;1;9445340454;B
20240119;100444;574.750000000;1;9445340455;B
20240119;100444;574.750000000;1;9445340456;B
20240119;100444;574.750000000;9;9445340457;B
20240119;100444;574.700000000;6;9445340506;S
20240119;100445;574.750000000;91;9445340647;B
20240119;100445;574.750000000;50;9445340648;B
20240119;100445;574.750000000;59;9445340649;B
20240119;100446;574.750000000;5;9445340675;B
20240119;100446;574.700000000;3;9445340708;S
20240119;100447;574.700000000;3;9445340818;S
20240119;100448;574.750000000;3;9445340897;B
20240119;100451;574.750000000;1;9445341302;B
20240119;100451;574.700000000;3;9445341309;S
20240119;100453;574.700000000;13;9445341551;S
20240119;100454;574.700000000;78;9445341726;S
20240119;100455;574.700000000;5;9445341924;B
20240119;100456;574.650000000;11;9445342061;S
20240119;100458;574.700000000;100;9445342226;B
20240119;100458;574.700000000;1;9445342317;B
20240119;100459;574.700000000;2;9445342339;B
20240119;100459;574.700000000;11;9445342345;B
20240119;100500;574.700000000;10;9445342450;B
20240119;100501;574.650000000;1;9445342586;S
20240119;100503;574.700000000;1;9445342896;B
20240119;100503;574.700000000;50;9445343008;B
20240119;100503;574.700000000;1;9445343010;B
20240119;100505;574.700000000;2;9445343203;B
20240119;100507;574.650000000;1;9445343448;S
20240119;100508;574.700000000;3;9445343572;B
20240119;100509;574.700000000;10;9445343695;B
20240119;100509;574.700000000;1;9445343767;B
20240119;100509;574.650000000;150;9445343785;S
20240119;100509;574.700000000;4;9445343792;B
20240119;100510;574.700000000;3;9445343817;B
20240119;100510;574.700000000;13;9445343891;B
20240119;100510;574.700000000;24;9445343895;B
20240119;100510;574.700000000;20;9445343905;B
20240119;100510;574.650000000;1;9445343911;S
20240119;100511;574.700000000;1;9445343977;B
20240119;100511;574.700000000;5;9445344137;B
20240119;100511;574.700000000;1;9445344138;B
20240119;100514;574.750000000;1;9445344567;B
20240119;100515;574.750000000;4;9445344600;B
20240119;100515;574.700000000;250;9445344601;S
20240119;100515;574.700000000;43;9445344602;S
20240119;100515;574.700000000;211;9445344603;S
20240119;100515;574.650000000;849;9445344604;S
20240119;100515;574.650000000;14;9445344640;B
20240119;100517;574.650000000;5;9445344880;B
20240119;100519;574.650000000;1;9445345178;B
20240119;100519;574.650000000;174;9445345270;B
20240119;100522;574.650000000;1;9445345732;B
20240119;100525;574.650000000;1;9445346162;B
20240119;100525;574.650000000;20;9445346187;B
20240119;100526;574.650000000;20;9445346319;B
20240119;100527;574.650000000;1;9445346395;B
20240119;100527;574.600000000;2;9445346408;S
20240119;100528;574.650000000;20;9445346458;B
20240119;100529;574.650000000;1;9445346680;B
20240119;100529;574.600000000;698;9445346681;S
20240119;100529;574.600000000;1;9445346682;S
20240119;100530;574.550000000;43;9445346740;S
20240119;100530;574.500000000;1;9445346741;S
20240119;100530;574.500000000;16;9445346742;S
20240119;100530;574.500000000;35;9445346811;S
20240119;100531;574.550000000;2;9445346965;B
20240119;100534;574.500000000;99;9445347233;S
20240119;100534;574.500000000;1;9445347234;S
20240119;100536;574.550000000;1;9445347452;B
20240119;100537;574.550000000;1;9445347573;B
20240119;100537;574.550000000;5;9445347659;B
20240119;100540;574.550000000;1;9445347950;B
20240119;100541;574.500000000;8;9445348055;S
20240119;100541;574.450000000;2;9445348103;S
20240119;100544;574.450000000;5;9445348544;S
20240119;100544;574.400000000;95;9445348545;S
20240119;100549;574.400000000;14;9445349235;S
20240119;100549;574.400000000;1;9445349236;S
20240119;100549;574.400000000;50;9445349237;S
20240119;100549;574.400000000;100;9445349238;S
20240119;100549;574.350000000;14;9445349239;S
20240119;100549;574.300000000;1;9445349240;S
20240119;100549;574.300000000;1;9445349241;S
20240119;100549;574.300000000;225;9445349242;S
20240119;100549;574.250000000;48;9445349243;S
20240119;100549;574.200000000;1;9445349244;S
20240119;100549;574.200000000;10;9445349245;S
20240119;100549;574.200000000;150;9445349246;S
20240119;100549;574.200000000;230;9445349247;S
20240119;100549;574.150000000;3;9445349248;S
20240119;100549;574.150000000;3;9445349249;S
20240119;100549;574.150000000;5;9445349250;S
20240119;100549;574.150000000;37;9445349251;S
20240119;100549;574.100000000;1;9445349252;S
20240119;100549;574.100000000;100;9445349253;S
20240119;100549;574.100000000;200;9445349254;S
20240119;100549;574.100000000;12;9445349255;S
20240119;100549;574.100000000;100;9445349256;S
20240119;100549;574.050000000;194;9445349257;S
20240119;100550;574.450000000;10;9445349289;B
20240119;100554;574.250000000;35;9445350181;S
20240119;100558;574.250000000;158;9445350509;S
20240119;100559;574.400000000;5;9445350732;B
20240119;100559;574.450000000;5;9445350733;B
20240119;100600;574.300000000;5;9445350789;S
20240119;100603;574.550000000;2;9445351105;B
20240119;100604;574.550000000;2;9445351238;B
20240119;100604;574.400000000;1;9445351243;S
20240119;100605;574.550000000;1;9445351337;B
20240119;100608;574.450000000;2;9445351605;B
20240119;100611;574.500000000;3;9445351931;B
20240119;100611;574.550000000;57;9445351932;B
20240119;100619;574.450000000;38;9445352743;S
20240119;100620;574.500000000;1;9445352868;B
20240119;100623;574.500000000;4;9445353196;B
20240119;100631;574.500000000;1;9445354159;B
20240119;100633;574.300000000;1;9445354425;S
20240119;100633;574.300000000;43;9445354426;S
20240119;100633;574.300000000;93;9445354427;S
20240119;100633;574.250000000;63;9445354428;S
20240119;100635;574.500000000;1;9445354641;B
20240119;100635;574.500000000;43;9445354656;B
20240119;100635;574.500000000;12;9445354657;B
20240119;100645;574.500000000;7;9445355877;B
20240119;100646;574.200000000;2;9445356022;S
20240119;100646;574.200000000;1;9445356023;S
20240119;100648;574.350000000;2;9445356187;B
20240119;100648;574.350000000;2;9445356219;B
20240119;100651;574.200000000;50;9445356495;S
20240119;100652;574.350000000;2;9445356597;B
20240119;100656;574.200000000;1;9445357015;S
20240119;100656;574.100000000;1;9445357016;S
20240119;100656;574.100000000;2;9445357017;S
20240119;100657;574.100000000;16;9445357193;S
20240119;100701;574.100000000;36;9445357484;S
20240119;100701;574.050000000;207;9445357485;S
20240119;100701;574.000000000;1;9445357486;S
20240119;100701;574.000000000;1;9445357487;S
20240119;100701;574.000000000;1;9445357488;S
20240119;100701;574.000000000;1;9445357489;S
20240119;100701;574.000000000;10;9445357490;S
20240119;100701;574.000000000;52;9445357491;S
20240119;100701;574.000000000;500;9445357492;S
20240119;100701;574.000000000;1;9445357493;S
20240119;100701;574.000000000;25;9445357494;S
20240119;100701;574.000000000;3;9445357495;S
20240119;100701;574.000000000;2;9445357496;S
20240119;100701;574.000000000;6;9445357497;S
20240119;100701;574.000000000;41;9445357498;S
20240119;100701;574.000000000;78;9445357499;S
20240119;100702;574.250000000;4;9445357688;B
20240119;100702;574.000000000;1;9445357692;S
20240119;100705;574.200000000;1;9445358068;S
20240119;100705;574.050000000;1;9445358069;S
20240119;100705;574.350000000;17;9445358146;B
20240119;100715;574.300000000;2;9445359285;B
20240119;100715;574.300000000;29;9445359286;B
20240119;100718;574.250000000;1;9445359679;S
20240119;100718;574.150000000;10;9445359680;S
20240119;100719;574.150000000;16;9445359781;S
20240119;100719;574.100000000;37;9445359782;S
20240119;100719;574.400000000;1;9445359791;B
20240119;100719;574.400000000;6;9445359792;B
20240119;100719;574.400000000;1;9445359806;B
20240119;100720;574.400000000;2;9445359835;B
20240119;100722;574.150000000;435;9445360254;B
20240119;100722;574.150000000;435;9445360255;B
20240119;100724;574.150000000;30;9445360424;B
20240119;100724;574.200000000;1;9445360456;B
20240119;100725;574.050000000;5;9445360744;S
20240119;100731;574.350000000;1;9445361847;B
20240119;100732;574.350000000;5;9445361970;B
20240119;100735;574.350000000;1;9445362393;B
20240119;100735;574.350000000;1;9445362444;B
20240119;100740;574.350000000;3;9445363004;B
20240119;100741;574.350000000;2;9445363205;B
20240119;100745;574.100000000;1;9445363713;S
20240119;100746;574.350000000;2;9445363928;B
20240119;100748;574.350000000;1;9445364121;B
20240119;100749;574.350000000;17;9445364293;B
20240119;100749;574.350000000;33;9445364294;B
20240119;100751;574.400000000;1;9445364445;B
20240119;100753;574.450000000;1;9445364694;B
20240119;100755;574.450000000;1;9445364991;B
20240119;100757;574.500000000;1;9445365343;B
20240119;100759;574.450000000;1;9445365507;B
20240119;100800;574.450000000;1;9445365601;B
20240119;100801;574.350000000;2;9445365709;S
20240119;100803;574.450000000;28;9445365995;B
20240119;100804;574.450000000;1;9445366049;B
20240119;100805;574.400000000;32;9445366384;B
20240119;100810;574.450000000;1;9445367295;B
20240119;100811;574.450000000;3;9445367330;B
20240119;100811;574.450000000;1;9445367331;B
20240119;100811;574.450000000;6;9445367332;B
20240119;100811;574.450000000;3;9445367415;B
20240119;100813;574.350000000;5;9445367712;S
20240119;100813;574.450000000;1;9445367735;B
20240119;100813;574.450000000;1;9445367773;B
20240119;100815;574.450000000;2;9445367942;B
20240119;100815;574.450000000;37;9445367943;B
20240119;100815;574.450000000;4;9445367944;B
20240119;100815;574.500000000;139;9445367945;B
20240119;100817;574.400000000;32;9445368204;B
20240119;100818;574.450000000;2;9445368342;B
20240119;100819;574.400000000;32;9445368397;B
20240119;100821;574.450000000;1;9445368582;B
20240119;100822;574.450000000;6;9445368647;B
20240119;100823;574.450000000;1;9445368776;B
20240119;100824;574.350000000;3;9445368864;S
20240119;100829;574.350000000;1;9445369489;S
20240119;100830;574.350000000;4;9445369534;S
20240119;100833;574.450000000;1;9445369797;B
20240119;100834;574.450000000;1;9445369870;B
20240119;100837;574.350000000;35;9445370159;S
20240119;100837;574.350000000;15;9445370160;S
20240119;100841;574.450000000;1;9445370459;B
20240119;100842;574.350000000;1;9445370604;S
20240119;100843;574.450000000;32;9445370757;B
20240119;100843;574.450000000;50;9445370758;B
20240119;100843;574.450000000;1;9445370759;B
20240119;100843;574.450000000;1;9445370760;B
20240119;100843;574.450000000;750;9445370761;B
20240119;100843;574.450000000;33;9445370762;B
20240119;100843;574.450000000;1;9445370763;B
20240119;100843;574.450000000;1;9445370764;B
20240119;100843;574.450000000;1;9445370765;B
20240119;100843;574.450000000;1;9445370766;B
20240119;100843;574.500000000;1;9445370774;B
20240119;100844;574.400000000;1;9445370882;S
20240119;100845;574.500000000;1;9445370897;B
20240119;100850;574.500000000;10;9445371487;B
20240119;100851;574.350000000;30;9445371567;S
20240119;100857;574.500000000;198;9445372215;B
20240119;100857;574.500000000;1;9445372216;B
20240119;100857;574.500000000;51;9445372217;B
20240119;100857;574.500000000;33;9445372218;B
20240119;100857;574.500000000;1;9445372219;B
20240119;100857;574.500000000;473;9445372220;B
20240119;100859;574.400000000;5;9445372391;S
20240119;100859;574.550000000;500;9445372393;B
20240119;100859;574.550000000;200;9445372394;B
20240119;100859;574.550000000;717;9445372395;B
20240119;100859;574.450000000;33;9445372434;S
20240119;100859;574.450000000;44;9445372435;S
20240119;100900;574.400000000;1;9445372487;S
20240119;100902;574.550000000;2;9445372749;B
20240119;100902;574.550000000;2;9445372750;B
20240119;100902;574.550000000;235;9445372751;B
20240119;100904;574.600000000;1;9445372848;B
20240119;100911;574.600000000;700;9445373521;B
20240119;100911;574.600000000;1;9445373522;B
20240119;100911;574.600000000;38;9445373523;B
20240119;100911;574.600000000;50;9445373524;B
20240119;100911;574.600000000;33;9445373525;B
20240119;100911;574.600000000;118;9445373526;B
20240119;100913;574.650000000;1;9445373724;B
20240119;100914;574.600000000;59;9445373867;B
20240119;100915;574.650000000;3388;9445373983;B
20240119;100915;574.650000000;50;9445373984;B
20240119;100915;574.650000000;110;9445373985;B
20240119;100915;574.650000000;200;9445373986;B
20240119;100916;574.600000000;155;9445374087;B
20240119;100918;574.550000000;5;9445374273;S
20240119;100920;574.700000000;200;9445374484;B
20240119;100920;574.700000000;3;9445374485;B
20240119;100920;574.700000000;1;9445374486;B
20240119;100920;574.750000000;427;9445374487;B
20240119;100920;574.750000000;100;9445374488;B
20240119;100920;574.750000000;1;9445374489;B
20240119;100920;574.750000000;35;9445374490;B
20240119;100920;574.750000000;5;9445374491;B
20240119;100920;574.750000000;13;9445374492;B
20240119;100920;574.750000000;1;9445374493;B
20240119;100920;574.750000000;10;9445374494;B
20240119;100920;574.800000000;2;9445374496;B
20240119;100920;574.800000000;52;9445374497;B
20240119;100920;574.800000000;100;9445374498;B
20240119;100920;574.800000000;1;9445374499;B
20240119;100920;574.800000000;3;9445374500;B
20240119;100920;574.800000000;20;9445374501;B
20240119;100920;574.800000000;100;9445374502;B
20240119;100920;574.800000000;2;9445374503;B
20240119;100920;574.850000000;1;9445374504;B
20240119;100920;574.850000000;30;9445374505;B
20240119;100920;574.850000000;2;9445374506;B
20240119;100920;574.850000000;30;9445374507;B
20240119;100920;574.900000000;5;9445374515;B
20240119;100920;574.900000000;1000;9445374516;B
20240119;100920;574.900000000;1;9445374517;B
20240119;100920;574.900000000;20;9445374518;B
20240119;100920;574.900000000;500;9445374519;B
20240119;100920;574.900000000;30;9445374520;B
20240119;100920;574.900000000;1;9445374521;B
20240119;100920;574.900000000;200;9445374522;B
20240119;100920;574.900000000;20;9445374523;B
20240119;100920;574.900000000;36;9445374524;B
20240119;100920;574.900000000;1813;9445374525;B
20240119;100920;574.900000000;687;9445374526;B
20240119;100920;574.950000000;1;9445374527;B
20240119;100920;574.950000000;2;9445374528;B
20240119;100920;574.950000000;700;9445374529;B
20240119;100920;574.950000000;1;9445374530;B
20240119;100920;574.950000000;100;9445374531;B
20240119;100920;574.950000000;1;9445374532;B
20240119;100920;574.950000000;47;9445374533;B
20240119;100920;574.950000000;5;9445374534;B
20240119;100920;574.950000000;20;9445374535;B
20240119;100920;574.950000000;2062;9445374536;B
20240119;100920;574.950000000;2313;9445374537;B
20240119;100920;574.950000000;455;9445374538;B
20240119;100920;574.950000000;170;9445374539;B
20240119;100920;574.950000000;2;9445374540;B
20240119;100920;574.950000000;5;9445374541;B
20240119;100920;574.950000000;30;9445374542;B
20240119;100920;574.950000000;15;9445374543;S
20240119;100921;574.850000000;1;9445374595;S
20240119;100921;574.900000000;20;9445374603;S
20240119;100921;574.900000000;4;9445374611;S
20240119;100921;574.900000000;1;9445374613;S
20240119;100922;574.950000000;5;9445374664;B
20240119;100923;574.950000000;2;9445374755;B
20240119;100924;574.950000000;1;9445374829;B
20240119;100924;574.950000000;10;9445374899;B
20240119;100928;574.950000000;3;9445375316;B
20240119;100929;574.950000000;5;9445375395;B
20240119;100929;574.950000000;10;9445375419;B
20240119;100930;574.900000000;1;9445375479;S
20240119;100930;574.900000000;74;9445375481;S
20240119;100930;574.900000000;1;9445375482;S
20240119;100930;574.900000000;1;9445375483;S
20240119;100930;574.900000000;24;9445375484;B
20240119;100930;574.950000000;49;9445375485;B
20240119;100930;574.950000000;36;9445375486;B
20240119;100930;574.950000000;15;9445375487;B
20240119;100932;574.850000000;1;9445375645;S
20240119;100934;574.900000000;25;9445375970;B
20240119;100934;574.950000000;7;9445375971;B
20240119;100935;574.850000000;2;9445376065;S
20240119;100935;575.000000000;10;9445376113;B
20240119;100935;575.000000000;1;9445376114;B
20240119;100935;575.000000000;4;9445376115;B
20240119;100935;575.000000000;85;9445376116;B
20240119;100936;574.950000000;30;9445376143;B
20240119;100936;575.000000000;15;9445376144;B
20240119;100936;575.000000000;30;9445376145;B
20240119;100936;575.000000000;98;9445376146;B
20240119;100936;575.000000000;902;9445376151;B
20240119;100936;575.000000000;5;9445376152;B
20240119;100936;575.000000000;32;9445376153;B
20240119;100936;575.000000000;20;9445376154;B
20240119;100936;575.000000000;2;9445376155;B
20240119;100936;575.000000000;500;9445376156;B
20240119;100936;575.000000000;25;9445376157;B
20240119;100936;575.000000000;10;9445376158;B
20240119;100936;575.000000000;2;9445376159;B
20240119;100936;575.000000000;5;9445376160;B
20240119;100936;575.000000000;5;9445376161;B
20240119;100936;575.000000000;230;9445376162;B
20240119;100936;575.000000000;50;9445376163;B
20240119;100936;575.000000000;1;9445376164;B
20240119;100936;575.000000000;1;9445376165;B
20240119;100936;575.000000000;100;9445376166;B
20240119;100936;575.000000000;1;9445376167;B
20240119;100936;575.000000000;50;9445376168;B
20240119;100936;575.000000000;8;9445376169;B
20240119;100936;575.000000000;2031;9445376170;B
20240119;100936;575.000000000;3;9445376171;B
20240119;100936;575.000000000;17;9445376172;B
20240119;100936;575.000000000;61;9445376173;B
20240119;100936;575.000000000;5;9445376174;B
20240119;100936;575.000000000;1;9445376175;B
20240119;100936;575.000000000;200;9445376176;B
20240119;100936;575.000000000;1;9445376177;B
20240119;100936;575.000000000;2;9445376178;B
20240119;100936;575.000000000;80;9445376179;B
20240119;100936;574.800000000;20;9445376180;S
20240119;100936;574.800000000;68;9445376181;S
20240119;100936;575.000000000;874;9445376183;B
20240119;100936;575.000000000;6;9445376198;B
20240119;100936;575.000000000;5;9445376199;B
20240119;100937;575.000000000;6;9445376294;B
20240119;100937;575.000000000;10;9445376295;B
20240119;100937;575.000000000;2;9445376296;B
20240119;100937;575.000000000;2;9445376297;B
20240119;100937;575.000000000;5;9445376304;B
20240119;100939;574.950000000;20;9445376489;S
20240119;100939;575.000000000;1;9445376500;B
20240119;100943;574.950000000;4;9445376973;B
20240119;100943;574.950000000;14;9445376974;B
20240119;100944;574.850000000;1;9445377027;S
20240119;100944;574.950000000;1;9445377041;B
20240119;100948;574.950000000;1;9445377647;B
20240119;100949;574.950000000;150;9445377687;B
20240119;100949;574.950000000;10;9445377739;B
20240119;100950;574.950000000;1;9445377852;B
20240119;100951;574.950000000;1;9445377923;B
20240119;100956;574.850000000;19;9445378459;S
20240119;100956;574.800000000;29;9445378460;S
20240119;101006;574.800000000;1;9445379913;B
20240119;101006;574.800000000;16;9445379934;B
20240119;101007;574.750000000;3;9445380244;S
20240119;101010;574.800000000;35;9445380693;B
20240119;101011;574.850000000;1;9445380766;B
20240119;101013;574.850000000;2;9445381050;B
20240119;101016;574.800000000;1;9445381473;S
20240119;101016;574.750000000;37;9445381474;S
20240119;101016;574.750000000;52;9445381475;S
20240119;101018;574.850000000;1;9445381780;B
20240119;101018;574.850000000;3;9445381801;B
20240119;101022;574.850000000;1;9445382422;B
20240119;101023;574.850000000;1;9445382520;B
20240119;101023;574.850000000;1;9445382521;B
20240119;101023;574.850000000;1;9445382522;B
20240119;101023;574.850000000;20;9445382523;B
20240119;101023;574.850000000;177;9445382524;B
20240119;101024;574.900000000;1;9445382578;B
20240119;101026;574.850000000;24;9445382868;S
20240119;101029;574.900000000;1;9445383271;B
20240119;101029;574.900000000;1;9445383272;B
20240119;101029;574.900000000;1;9445383273;B
20240119;101029;574.900000000;2;9445383274;B
20240119;101029;574.900000000;1;9445383275;B
20240119;101029;574.900000000;1;9445383276;B
20240119;101029;574.900000000;33;9445383277;B
20240119;101032;574.900000000;1;9445383673;B
20240119;101034;574.900000000;1;9445383891;B
20240119;101034;574.900000000;1;9445384010;B
20240119;101036;574.900000000;2;9445384170;B
20240119;101036;574.900000000;10;9445384174;B
20240119;101038;574.850000000;4;9445384385;S
20240119;101039;574.850000000;9;9445384471;S
20240119;101040;574.850000000;11;9445384486;S
20240119;101041;574.850000000;8;9445384658;B
20240119;101045;574.850000000;1;9445385067;B
20240119;101048;574.850000000;80;9445385444;B
20240119;101048;574.850000000;38;9445385445;B
20240119;101048;574.900000000;10;9445385499;B
20240119;101051;574.850000000;50;9445385757;S
20240119;101052;574.900000000;15;9445385829;B
20240119;101056;574.900000000;1;9445386333;B
20240119;101057;574.900000000;53;9445386533;B
20240119;101057;574.900000000;1;9445386534;B
20240119;101057;574.900000000;25;9445386535;B
20240119;101057;574.900000000;5;9445386536;B
20240119;101057;574.900000000;96;9445386537;S
20240119;101059;574.850000000;2;9445386722;S
20240119;101059;574.900000000;4;9445386776;B
20240119;101059;574.950000000;16;9445386777;B
20240119;101100;574.850000000;575;9445386861;S
20240119;101100;574.850000000;1;9445386862;S
20240119;101100;574.850000000;38;9445386863;S
20240119;101100;574.700000000;1;9445386864;S
20240119;101100;574.700000000;1;9445386865;S
20240119;101100;574.700000000;1;9445386866;S
20240119;101100;574.700000000;2;9445386867;S
20240119;101100;574.700000000;483;9445386868;S
20240119;101100;574.650000000;20;9445386869;S
20240119;101100;574.650000000;1;9445386870;S
20240119;101100;574.650000000;3;9445386871;S
20240119;101100;574.650000000;434;9445386872;S
20240119;101100;574.600000000;1000;9445386873;S
20240119;101100;574.600000000;1;9445386874;S
20240119;101100;574.600000000;139;9445386875;S
20240119;101100;574.600000000;1;9445386876;S
20240119;101100;574.600000000;22;9445386877;S
20240119;101100;574.600000000;150;9445386878;S
20240119;101100;574.550000000;1;9445386879;S
20240119;101100;574.550000000;139;9445386880;S
20240119;101100;574.550000000;1;9445386881;S
20240119;101100;574.500000000;3;9445386882;S
20240119;101100;574.500000000;1;9445386883;S
20240119;101100;574.500000000;139;9445386884;S
20240119;101100;574.500000000;1;9445386885;S
20240119;101100;574.500000000;1;9445386886;S
20240119;101100;574.500000000;300;9445386887;S
20240119;101100;574.450000000;1;9445386889;S
20240119;101100;574.450000000;2;9445386890;S
20240119;101101;574.400000000;1;9445386994;S
20240119;101101;574.400000000;1;9445386995;S
20240119;101101;574.400000000;1;9445386996;S
20240119;101101;574.350000000;10;9445386997;S
20240119;101101;574.350000000;12;9445386998;S
20240119;101101;574.350000000;30;9445386999;S
20240119;101101;574.350000000;1;9445387000;S
20240119;101101;574.300000000;1;9445387002;S
20240119;101101;574.300000000;1;9445387003;S
20240119;101101;574.300000000;198;9445387004;S
20240119;101101;574.350000000;1;9445387209;B
20240119;101102;574.300000000;494;9445387358;S
20240119;101102;574.300000000;446;9445387359;S
20240119;101103;574.400000000;1;9445387579;B
20240119;101103;574.400000000;43;9445387599;B
20240119;101103;574.450000000;1;9445387600;B
20240119;101103;574.450000000;150;9445387601;B
20240119;101103;574.450000000;106;9445387602;B
20240119;101107;574.300000000;50;9445388008;S
20240119;101108;574.300000000;50;9445388075;S
20240119;101108;574.400000000;1;9445388097;B
20240119;101108;574.400000000;4;9445388125;B
20240119;101109;574.300000000;4;9445388184;S
20240119;101111;574.350000000;1;9445388313;B
20240119;101114;574.400000000;1;9445388822;B
20240119;101115;574.400000000;1;9445388946;B
20240119;101118;574.300000000;1;9445389336;S
20240119;101120;574.300000000;757;9445389600;S
20240119;101120;574.300000000;2;9445389601;S
20240119;101120;574.250000000;44;9445389602;S
20240119;101120;574.200000000;11;9445389603;S
20240119;101120;574.200000000;1;9445389604;S
20240119;101120;574.200000000;10;9445389605;S
20240119;101120;574.100000000;1;9445389606;S
20240119;101120;574.100000000;139;9445389607;S
20240119;101120;574.100000000;241;9445389608;S
20240119;101120;574.100000000;200;9445389609;S
20240119;101120;574.050000000;1;9445389610;S
20240119;101120;574.050000000;139;9445389611;S
20240119;101120;574.050000000;954;9445389612;S
20240119;101121;574.100000000;50;9445389639;S
20240119;101122;574.250000000;1;9445389700;B
20240119;101122;574.250000000;50;9445389725;B
20240119;101123;574.200000000;3;9445389963;B
20240119;101125;574.200000000;1;9445390282;B
20240119;101126;574.050000000;1;9445390350;S
20240119;101126;574.200000000;2;9445390377;B
20240119;101132;574.200000000;14;9445390935;B
20240119;101132;574.200000000;80;9445390936;B
20240119;101132;574.200000000;44;9445390937;B
20240119;101132;574.300000000;523;9445390938;B
20240119;101132;574.350000000;435;9445390939;B
20240119;101132;574.400000000;338;9445390940;B
20240119;101132;574.400000000;150;9445390941;B
20240119;101132;574.450000000;1;9445390942;B
20240119;101132;574.450000000;954;9445390943;B
20240119;101132;574.450000000;700;9445390944;B
20240119;101132;574.450000000;20;9445390945;B
20240119;101132;574.500000000;241;9445390946;B
20240119;101133;574.150000000;44;9445391047;S
20240119;101133;574.150000000;435;9445391048;S
20240119;101133;574.100000000;21;9445391049;S
20240119;101137;574.400000000;523;9445391481;S
20240119;101137;574.400000000;150;9445391482;S
20240119;101137;574.350000000;44;9445391483;S
20240119;101137;574.300000000;318;9445391484;S
20240119;101137;574.300000000;221;9445391485;S
20240119;101137;574.250000000;20;9445391486;S
20240119;101137;574.150000000;349;9445391487;S
20240119;101137;574.100000000;1046;9445391488;S
20240119;101137;574.100000000;435;9445391489;S
20240119;101137;574.100000000;300;9445391490;S
20240119;101137;574.050000000;400;9445391491;S
20240119;101137;574.000000000;1;9445391492;S
20240119;101137;574.000000000;3;9445391493;S
20240119;101137;574.000000000;2;9445391494;S
20240119;101137;574.000000000;100;9445391495;S
20240119;101137;574.000000000;100;9445391496;S
20240119;101137;574.000000000;1;9445391497;S
20240119;101137;574.000000000;1;9445391498;S
20240119;101137;574.000000000;1;9445391499;S
20240119;101137;574.000000000;1;9445391500;S
20240119;101137;574.000000000;10;9445391501;S
20240119;101137;574.000000000;1;9445391502;S
20240119;101137;574.000000000;1;9445391503;S
20240119;101137;574.000000000;20;9445391504;S
20240119;101137;574.000000000;1;9445391505;S
20240119;101137;574.000000000;2;9445391506;S
20240119;101137;574.000000000;1;9445391507;S
20240119;101137;574.000000000;124;9445391508;B
20240119;101137;574.000000000;2068;9445391509;B
20240119;101137;573.950000000;1;9445391510;S
20240119;101137;573.950000000;1;9445391511;S
20240119;101137;573.950000000;100;9445391512;S
20240119;101137;573.950000000;20;9445391562;B
20240119;101137;573.950000000;1;9445391594;B
20240119;101137;573.950000000;130;9445391664;B
20240119;101138;573.900000000;1;9445391712;S
20240119;101138;573.900000000;1;9445391713;S
20240119;101138;573.900000000;15;9445391714;S
20240119;101138;573.900000000;1;9445391715;S
20240119;101138;573.900000000;82;9445391716;S
20240119;101138;573.900000000;18;9445391721;S
20240119;101138;573.900000000;1;9445391722;S
20240119;101138;573.900000000;1;9445391723;S
20240119;101138;573.900000000;5;9445391724;S
20240119;101138;573.900000000;58;9445391725;S
20240119;101138;573.850000000;200;9445391726;S
20240119;101138;573.850000000;200;9445391727;S
20240119;101138;573.900000000;1;9445391792;B
20240119;101138;573.900000000;1;9445391801;B
20240119;101139;573.850000000;47;9445391897;S
20240119;101139;573.850000000;127;9445391898;B
20240119;101139;573.850000000;291;9445391899;B
20240119;101139;573.850000000;35;9445391900;B
20240119;101139;573.850000000;55;9445391901;B
20240119;101139;573.850000000;3;9445391908;B
20240119;101139;573.850000000;1;9445391909;B
20240119;101139;573.800000000;1;9445391978;S
20240119;101139;573.800000000;9;9445391979;S
20240119;101139;573.800000000;2;9445391980;S
20240119;101139;573.800000000;1;9445391981;S
20240119;101139;573.800000000;8;9445391982;S
20240119;101139;573.850000000;2;9445391983;B
20240119;101139;573.850000000;1;9445391984;B
20240119;101139;573.850000000;102;9445391986;B
20240119;101139;573.900000000;1;9445392019;B
20240119;101139;574.000000000;14;9445392020;B
20240119;101140;573.800000000;198;9445392025;S
20240119;101140;574.000000000;200;9445392082;B
20240119;101141;573.850000000;6;9445392178;S
20240119;101143;574.000000000;1;9445392420;B
20240119;101143;574.000000000;200;9445392471;B
20240119;101144;574.000000000;2;9445392496;B
20240119;101150;573.900000000;4;9445393276;S
20240119;101150;573.950000000;1;9445393315;B
20240119;101150;573.950000000;1;9445393339;B
20240119;101151;573.950000000;5;9445393354;B
20240119;101151;573.900000000;1;9445393389;S
20240119;101151;573.950000000;5;9445393462;B
20240119;101153;573.900000000;15;9445393612;S
20240119;101153;573.850000000;54;9445393613;S
20240119;101153;573.850000000;21;9445393614;S
20240119;101159;573.950000000;8;9445394323;B
20240119;101159;573.950000000;42;9445394324;B
20240119;101202;573.950000000;1;9445394567;B
20240119;101203;573.850000000;39;9445394745;S
20240119;101203;573.850000000;1;9445394746;S
20240119;101203;573.950000000;2;9445394753;B
20240119;101206;573.950000000;1;9445395151;B
20240119;101211;573.900000000;1;9445395719;B
20240119;101211;573.950000000;9;9445395720;B
20240119;101214;573.950000000;1;9445396148;B
20240119;101216;573.950000000;10;9445397149;B
20240119;101219;573.950000000;1;9445397593;B
20240119;101220;573.950000000;1;9445397671;B
20240119;101223;573.950000000;1;9445397984;B
20240119;101227;573.950000000;1;9445398483;B
20240119;101233;573.950000000;1;9445398991;B
20240119;101238;573.900000000;50;9445399872;S
20240119;101238;573.850000000;49;9445399873;S
20240119;101238;573.850000000;1;9445399874;S
20240119;101239;573.900000000;4;9445399974;B
20240119;101239;573.850000000;50;9445400045;S
20240119;101241;573.900000000;4;9445400187;B
20240119;101241;573.850000000;49;9445400252;S
20240119;101241;573.850000000;1;9445400253;S
20240119;101242;573.900000000;5;9445400338;B
20240119;101246;573.900000000;1;9445400687;B
20240119;101246;573.900000000;200;9445400753;B
20240119;101247;573.900000000;2;9445400811;B
20240119;101247;573.900000000;4;9445400812;B
20240119;101248;573.800000000;10;9445401020;S
20240119;101248;573.800000000;90;9445401044;S
20240119;101248;573.800000000;369;9445401045;S
20240119;101249;573.900000000;1;9445401123;B
20240119;101253;573.850000000;3;9445401574;B
20240119;101254;573.850000000;2;9445401597;B
20240119;101254;573.850000000;7;9445401598;B
20240119;101255;573.800000000;2;9445401818;S
20240119;101256;573.750000000;20;9445401888;S
20240119;101256;573.750000000;20;9445401907;S
20240119;101256;573.750000000;9;9445401908;S
20240119;101256;573.750000000;50;9445401909;S
20240119;101256;573.750000000;19;9445401910;S
20240119;101256;573.750000000;1;9445401911;S
20240119;101256;573.750000000;98;9445401912;S
20240119;101256;573.750000000;103;9445401913;S
20240119;101257;573.700000000;4;9445402073;S
20240119;101301;573.700000000;300;9445402585;S
20240119;101302;573.750000000;4;9445402693;B
20240119;101304;573.750000000;1;9445402793;B
20240119;101305;573.700000000;2;9445402987;S
20240119;101308;573.750000000;200;9445403215;B
20240119;101312;573.700000000;100;9445403552;S
20240119;101312;573.700000000;200;9445403553;S
20240119;101312;573.750000000;6;9445403609;B
20240119;101316;573.700000000;1;9445403891;S
20240119;101317;573.700000000;300;9445404013;S
20240119;101319;573.750000000;8;9445404157;B
20240119;101320;573.750000000;6;9445404231;B
20240119;101320;573.750000000;24;9445404232;B
20240119;101320;573.750000000;20;9445404234;B
20240119;101320;573.750000000;1;9445404258;B
20240119;101320;573.750000000;9;9445404259;B
20240119;101320;573.700000000;3750;9445404346;S
20240119;101320;573.700000000;5;9445404347;S
20240119;101320;573.700000000;1;9445404348;S
20240119;101320;573.700000000;1;9445404349;S
20240119;101320;573.700000000;5;9445404350;S
20240119;101320;573.700000000;1;9445404351;S
20240119;101320;573.700000000;1;9445404352;S
20240119;101320;573.700000000;50;9445404353;S
20240119;101320;573.700000000;4;9445404354;S
20240119;101320;573.700000000;1;9445404355;S
20240119;101320;573.700000000;1;9445404356;S
20240119;101320;573.700000000;49;9445404357;S
20240119;101320;573.650000000;242;9445404358;S
20240119;101320;573.650000000;48;9445404359;S
20240119;101320;573.600000000;195;9445404360;S
20240119;101320;573.600000000;200;9445404361;S
20240119;101320;573.600000000;1;9445404362;S
20240119;101320;573.600000000;43;9445404363;S
20240119;101320;573.550000000;1;9445404364;S
20240119;101320;573.550000000;4;9445404365;S
20240119;101320;573.500000000;1;9445404366;S
20240119;101320;573.500000000;2;9445404367;S
20240119;101320;573.500000000;3;9445404368;S
20240119;101320;573.500000000;1;9445404369;S
20240119;101320;573.500000000;1;9445404370;S
20240119;101320;573.500000000;139;9445404371;S
20240119;101320;573.500000000;1;9445404372;S
20240119;101320;573.500000000;500;9445404373;S
20240119;101320;573.450000000;139;9445404374;S
20240119;101320;573.400000000;1;9445404375;S
20240119;101320;573.400000000;1;9445404376;S
20240119;101320;573.400000000;1;9445404377;S
20240119;101320;573.400000000;6;9445404378;S
20240119;101320;573.400000000;139;9445404379;S
20240119;101320;573.400000000;1562;9445404380;S
20240119;101320;573.450000000;6;9445404383;S
20240119;101321;573.500000000;3;9445404428;S
20240119;101321;573.500000000;6;9445404443;B
20240119;101322;573.400000000;1;9445404540;S
20240119;101322;573.400000000;1;9445404541;S
20240119;101323;573.350000000;2;9445404633;S
20240119;101323;573.350000000;1;9445404634;S
20240119;101323;573.300000000;2;9445404635;S
20240119;101323;573.300000000;1;9445404636;S
20240119;101323;573.300000000;1;9445404637;S
20240119;101323;573.300000000;13;9445404638;S
20240119;101323;573.300000000;5;9445404672;S
20240119;101324;573.300000000;50;9445404690;S
20240119;101324;573.350000000;1;9445404733;S
20240119;101324;573.350000000;2;9445404751;S
20240119;101324;573.300000000;10;9445404752;S
20240119;101326;573.350000000;1;9445404966;B
20240119;101327;573.350000000;91;9445405040;B
20240119;101327;573.300000000;289;9445405118;S
20240119;101327;573.300000000;11;9445405119;S
20240119;101330;573.300000000;1;9445405460;S
20240119;101330;573.250000000;1;9445405461;S
20240119;101330;573.250000000;98;9445405462;S
20240119;101330;573.200000000;20;9445405463;S
20240119;101330;573.200000000;1;9445405464;S
20240119;101330;573.200000000;2;9445405465;S
20240119;101330;573.200000000;50;9445405466;S
20240119;101330;573.200000000;2;9445405467;S
20240119;101330;573.200000000;1;9445405468;S
20240119;101330;573.200000000;1;9445405469;S
20240119;101330;573.200000000;35;9445405470;S
20240119;101330;573.200000000;52;9445405471;S
20240119;101330;573.150000000;5;9445405481;S
20240119;101330;573.150000000;12;9445405482;S
20240119;101330;573.200000000;4;9445405506;B
20240119;101331;573.100000000;1;9445405536;S
20240119;101331;573.100000000;1;9445405537;S
20240119;101331;573.100000000;1;9445405538;S
20240119;101331;573.100000000;27;9445405539;S
20240119;101331;573.100000000;89;9445405540;S
20240119;101331;573.100000000;111;9445405541;B
20240119;101333;573.300000000;1;9445405704;B
20240119;101334;573.300000000;100;9445405917;B
20240119;101334;573.350000000;100;9445405918;B
20240119;101335;573.200000000;100;9445405994;S
20240119;101337;573.150000000;1;9445406165;S
20240119;101337;573.150000000;44;9445406266;S
20240119;101337;573.150000000;255;9445406267;S
20240119;101338;573.100000000;2;9445406429;S
20240119;101341;573.150000000;1;9445406677;B
20240119;101341;573.150000000;253;9445406678;B
20240119;101341;573.150000000;246;9445406679;S
20240119;101342;573.100000000;51;9445406837;S
20240119;101342;573.100000000;249;9445406838;S
20240119;101343;573.150000000;4;9445407002;B
20240119;101344;573.150000000;2;9445407136;B
20240119;101344;573.150000000;1;9445407155;B
20240119;101347;573.150000000;2;9445407438;B
20240119;101347;573.150000000;15;9445407531;B
20240119;101347;573.100000000;33;9445407532;S
20240119;101347;573.100000000;51;9445407533;S
20240119;101347;573.100000000;216;9445407534;S
20240119;101348;573.050000000;1;9445407557;S
20240119;101348;573.050000000;1;9445407595;S
20240119;101351;573.050000000;1;9445407909;S
20240119;101352;573.150000000;2;9445408088;B
20240119;101353;573.050000000;1;9445408125;S
20240119;101353;573.050000000;1;9445408126;S
20240119;101353;573.050000000;2;9445408127;S
20240119;101353;573.050000000;15;9445408128;S
20240119;101353;573.050000000;1;9445408129;S
20240119;101353;573.050000000;159;9445408130;S
20240119;101353;573.050000000;20;9445408131;S
20240119;101353;573.050000000;20;9445408132;S
20240119;101353;573.000000000;1;9445408133;S
20240119;101353;573.000000000;1;9445408134;S
20240119;101353;573.000000000;2;9445408135;S
20240119;101353;573.000000000;1;9445408136;S
20240119;101353;573.000000000;1;9445408137;S
20240119;101353;573.000000000;2;9445408138;S
20240119;101353;573.000000000;10;9445408139;S
20240119;101353;573.000000000;1;9445408140;S
20240119;101353;573.000000000;10;9445408141;S
20240119;101353;573.000000000;2;9445408142;S
20240119;101353;573.000000000;4;9445408143;S
20240119;101353;573.000000000;100;9445408144;S
20240119;101353;573.000000000;2;9445408145;S
20240119;101353;573.000000000;5;9445408146;S
20240119;101353;573.000000000;2;9445408147;S
20240119;101353;573.000000000;10;9445408148;S
20240119;101353;573.000000000;1;9445408149;S
20240119;101353;573.000000000;1;9445408150;S
20240119;101353;573.000000000;1;9445408151;S
20240119;101353;573.000000000;10;9445408152;S
20240119;101353;573.000000000;10;9445408153;S
20240119;101353;573.000000000;1;9445408154;S
20240119;101353;573.000000000;10;9445408155;S
20240119;101353;573.000000000;145;9445408156;S
20240119;101353;573.000000000;67;9445408157;S
20240119;101353;573.000000000;433;9445408158;S
20240119;101353;573.000000000;1;9445408159;S
20240119;101353;573.000000000;1;9445408160;S
20240119;101353;573.000000000;2;9445408161;S
20240119;101353;573.000000000;2;9445408162;S
20240119;101353;573.000000000;3;9445408163;S
20240119;101353;573.000000000;1;9445408164;S
20240119;101353;573.000000000;1;9445408165;S
20240119;101353;573.000000000;6;9445408166;S
20240119;101353;573.000000000;50;9445408167;S
20240119;101353;573.050000000;81;9445408221;B
20240119;101353;573.150000000;228;9445408222;B
20240119;101353;573.150000000;10;9445408223;B
20240119;101353;573.200000000;51;9445408224;B
20240119;101353;573.350000000;698;9445408225;B
20240119;101353;573.350000000;523;9445408226;B
20240119;101353;573.400000000;153;9445408227;B
20240119;101353;573.000000000;62;9445408228;S
20240119;101353;573.150000000;6;9445408249;S
20240119;101354;573.400000000;2;9445408294;B
20240119;101354;573.250000000;100;9445408327;S
20240119;101356;573.250000000;40;9445408506;B
20240119;101356;573.200000000;42;9445408537;S
20240119;101356;573.200000000;53;9445408538;S
20240119;101357;573.150000000;4;9445408541;S
20240119;101357;573.150000000;4;9445408542;S
20240119;101357;573.200000000;2;9445408594;B
20240119;101358;573.100000000;1;9445408625;S
20240119;101358;573.100000000;79;9445408626;S
20240119;101358;573.100000000;220;9445408627;B
20240119;101358;573.050000000;500;9445408628;S
20240119;101358;573.050000000;23;9445408629;S
20240119;101358;573.050000000;1;9445408630;S
20240119;101358;573.050000000;136;9445408631;B
20240119;101358;573.000000000;103;9445408632;S
20240119;101401;573.400000000;1;9445408947;B
20240119;101403;573.150000000;300;9445409637;S
20240119;101408;573.150000000;73;9445410094;S
20240119;101408;573.150000000;127;9445410095;B
20240119;101408;573.150000000;100;9445410096;B
20240119;101409;573.100000000;10;9445410224;S
20240119;101409;573.400000000;1;9445410288;B
20240119;101411;573.100000000;5;9445410398;S
20240119;101412;573.100000000;20;9445410483;S
20240119;101412;573.100000000;1;9445410484;S
20240119;101412;573.100000000;2;9445410485;S
20240119;101412;573.100000000;40;9445410486;S
20240119;101412;573.100000000;24;9445410487;S
20240119;101414;573.250000000;2;9445410747;B
20240119;101415;573.250000000;3;9445410785;B
20240119;101415;573.350000000;9;9445410786;S
20240119;101415;573.150000000;15;9445410787;S
20240119;101416;573.050000000;20;9445410847;S
20240119;101416;573.050000000;55;9445410848;S
20240119;101416;573.050000000;410;9445410849;B
20240119;101416;573.050000000;191;9445410850;B
20240119;101416;573.000000000;30;9445410878;S
20240119;101417;573.300000000;1;9445410976;B
20240119;101418;573.100000000;100;9445411198;S
20240119;101423;573.100000000;300;9445411790;S
20240119;101424;573.100000000;50;9445411885;S
20240119;101425;573.100000000;50;9445412054;S
20240119;101427;573.100000000;2;9445412186;B
20240119;101428;573.050000000;1;9445412250;S
20240119;101428;573.050000000;9;9445412272;S
20240119;101428;573.050000000;58;9445412273;S
20240119;101428;573.050000000;133;9445412274;S
20240119;101428;573.100000000;48;9445412277;B
20240119;101428;573.300000000;14;9445412278;B
20240119;101429;573.050000000;5;9445412327;S
20240119;101429;573.050000000;1;9445412328;S
20240119;101433;573.100000000;300;9445412883;S
20240119;101434;573.300000000;3;9445412967;B
20240119;101434;573.100000000;700;9445412970;S
20240119;101436;573.300000000;1;9445413263;B
20240119;101437;573.100000000;9;9445413319;S
20240119;101438;573.050000000;100;9445413532;S
20240119;101438;573.050000000;200;9445413533;S
20240119;101440;573.250000000;1;9445413710;B
20240119;101440;573.300000000;1;9445413711;B
20240119;101442;573.100000000;1;9445413888;S
20240119;101442;573.050000000;4;9445413889;S
20240119;101443;573.050000000;200;9445414023;S
20240119;101445;573.100000000;5;9445414259;B
20240119;101448;573.100000000;57;9445415364;S
20240119;101448;573.100000000;1;9445415423;B
20240119;101449;573.100000000;9;9445415478;B
20240119;101449;573.050000000;34;9445415543;S
20240119;101450;573.100000000;1;9445415629;B
20240119;101451;573.100000000;1;9445415726;B
20240119;101451;573.100000000;3;9445415748;B
20240119;101451;573.100000000;1;9445415791;B
20240119;101452;573.100000000;9;9445415847;B
20240119;101453;573.050000000;61;9445415972;S
20240119;101453;573.050000000;2;9445415973;S
20240119;101453;573.050000000;37;9445415974;S
20240119;101453;573.050000000;200;9445415975;S
20240119;101453;573.100000000;25;9445415977;B
20240119;101454;573.100000000;1;9445416052;B
20240119;101454;573.050000000;1;9445416054;S
20240119;101454;573.050000000;99;9445416055;S
20240119;101454;573.050000000;1;9445416073;S
20240119;101454;573.100000000;20;9445416097;B
20240119;101455;573.100000000;1;9445416135;B
20240119;101455;573.050000000;1;9445416214;S
20240119;101458;573.050000000;1;9445416687;S
20240119;101458;573.050000000;300;9445416712;S
20240119;101458;573.050000000;1;9445416732;S
20240119;101459;573.050000000;150;9445416812;S
20240119;101500;573.100000000;1;9445416888;B
20240119;101500;573.050000000;9;9445416957;S
20240119;101500;573.050000000;1;9445417069;S
20240119;101501;573.100000000;2;9445417210;B
20240119;101502;573.050000000;100;9445417402;S
20240119;101503;573.050000000;100;9445417535;S
20240119;101503;573.050000000;37;9445417536;S
20240119;101503;573.050000000;2;9445417537;S
20240119;101504;573.000000000;55;9445417652;S
20240119;101504;573.000000000;1;9445417653;S
20240119;101504;573.000000000;44;9445417654;S
20240119;101504;573.050000000;4;9445417753;B
20240119;101504;573.050000000;10;9445417808;B
20240119;101506;573.000000000;1;9445417987;S
20240119;101507;573.050000000;1;9445418393;B
20240119;101508;573.050000000;1;9445418416;B
20240119;101508;573.000000000;9;9445418426;S
20240119;101509;573.000000000;300;9445418778;S
20240119;101511;573.000000000;300;9445419122;S
20240119;101512;573.000000000;10;9445419457;S
20240119;101512;573.050000000;1;9445419460;B
20240119;101512;573.050000000;24;9445419461;B
20240119;101513;573.000000000;1;9445419514;S
20240119;101514;573.050000000;5;9445419793;B
20240119;101514;573.050000000;3;9445419808;B
20240119;101514;573.000000000;200;9445419881;S
20240119;101514;573.000000000;100;9445419882;S
20240119;101514;573.000000000;1;9445419923;S
20240119;101516;573.050000000;2;9445420305;B
20240119;101518;573.000000000;2100;9445420793;S
20240119;101518;573.050000000;1;9445420843;B
20240119;101519;573.000000000;100;9445420996;S
20240119;101519;573.000000000;100;9445420997;S
20240119;101519;573.000000000;100;9445420998;S
20240119;101519;573.050000000;1;9445421038;B
20240119;101519;573.050000000;5;9445421110;B
20240119;101520;573.000000000;2000;9445421167;S
20240119;101520;573.000000000;150;9445421168;S
20240119;101520;573.000000000;2;9445421170;S
20240119;101520;573.000000000;6;9445421181;S
20240119;101520;573.050000000;15;9445421296;B
20240119;101520;573.050000000;2;9445421301;B
20240119;101520;573.000000000;792;9445421372;S
20240119;101521;573.050000000;1;9445421453;B
20240119;101521;573.050000000;1;9445421478;B
20240119;101521;573.000000000;5;9445421519;S
20240119;101521;573.000000000;5;9445421583;S
20240119;101522;573.050000000;2;9445421810;B
20240119;101523;573.050000000;1;9445421847;B
20240119;101523;573.000000000;5;9445422008;S
20240119;101524;573.000000000;300;9445422134;S
20240119;101525;573.000000000;1000;9445422294;S
20240119;101525;573.000000000;2359;9445422384;S
20240119;101525;573.000000000;5;9445422385;S
20240119;101525;573.000000000;2;9445422386;S
20240119;101525;573.000000000;1;9445422387;S
20240119;101525;573.000000000;1;9445422388;S
20240119;101525;573.000000000;15;9445422389;S
20240119;101525;573.000000000;1;9445422390;S
20240119;101525;573.000000000;1;9445422391;S
20240119;101525;573.000000000;90;9445422392;S
20240119;101525;573.000000000;1;9445422393;S
20240119;101525;573.000000000;74;9445422394;S
20240119;101525;573.000000000;1;9445422395;S
20240119;101525;573.000000000;1;9445422396;S
20240119;101525;573.000000000;1;9445422397;S
20240119;101525;573.000000000;10;9445422398;S
20240119;101525;573.000000000;1;9445422399;S
20240119;101525;573.000000000;7;9445422400;S
20240119;101525;573.000000000;3;9445422401;S
20240119;101525;573.000000000;1;9445422402;S
20240119;101525;573.000000000;10;9445422403;S
20240119;101525;573.000000000;500;9445422404;S
20240119;101525;573.000000000;1;9445422405;S
20240119;101525;573.000000000;2;9445422406;S
20240119;101525;573.000000000;5;9445422407;S
20240119;101525;573.000000000;1;9445422408;S
20240119;101525;573.000000000;7;9445422409;S
20240119;101525;573.000000000;1;9445422410;S
20240119;101525;573.000000000;1;9445422411;S
20240119;101525;573.000000000;5;9445422412;S
20240119;101525;573.000000000;1;9445422413;S
20240119;101525;573.000000000;1;9445422414;S
20240119;101525;573.000000000;1;9445422415;S
20240119;101525;573.000000000;250;9445422416;S
20240119;101525;573.000000000;1;9445422417;S
20240119;101525;573.000000000;5;9445422418;S
20240119;101525;573.000000000;1;9445422419;S
20240119;101525;573.000000000;1;9445422420;S
20240119;101525;573.000000000;2;9445422421;S
20240119;101525;572.950000000;50;9445422422;S
20240119;101525;572.950000000;1;9445422423;S
20240119;101525;572.950000000;1;9445422424;S
20240119;101525;572.900000000;112;9445422426;S
20240119;101525;572.900000000;1;9445422427;S
20240119;101525;572.900000000;2;9445422428;S
20240119;101525;572.900000000;50;9445422429;S
20240119;101525;572.900000000;3;9445422430;S
20240119;101525;572.900000000;7;9445422434;S
20240119;101525;572.900000000;7;9445422435;S
20240119;101525;572.900000000;1;9445422449;S
20240119;101525;572.900000000;1;9445422450;S
20240119;101525;572.900000000;2;9445422451;S
20240119;101525;572.850000000;1;9445422452;S
20240119;101525;572.850000000;1;9445422453;S
20240119;101525;572.850000000;1;9445422454;S
20240119;101525;572.800000000;3;9445422455;S
20240119;101525;572.800000000;5;9445422456;S
20240119;101525;572.800000000;50;9445422457;S
20240119;101525;572.800000000;1;9445422458;S
20240119;101525;572.800000000;2;9445422459;S
20240119;101525;572.800000000;100;9445422460;S
20240119;101525;572.800000000;2;9445422461;S
20240119;101525;572.800000000;6;9445422462;S
20240119;101525;572.800000000;4;9445422463;S
20240119;101525;572.750000000;2;9445422464;S
20240119;101525;572.750000000;6;9445422465;S
20240119;101525;572.750000000;2;9445422466;S
20240119;101525;572.750000000;98;9445422467;S
20240119;101525;572.700000000;1;9445422468;S
20240119;101525;572.700000000;1;9445422469;S
20240119;101525;572.700000000;2;9445422470;S
20240119;101525;572.700000000;2;9445422471;S
20240119;101525;572.700000000;1;9445422472;S
20240119;101525;572.700000000;1;9445422473;S
20240119;101525;572.700000000;2;9445422474;S
20240119;101525;572.700000000;9;9445422475;S
20240119;101525;572.700000000;1;9445422476;S
20240119;101525;572.700000000;24;9445422478;S
20240119;101525;572.650000000;1;9445422479;S
20240119;101525;572.650000000;2;9445422480;S
20240119;101525;572.650000000;30;9445422481;S
20240119;101525;572.650000000;28;9445422482;S
20240119;101525;572.650000000;4;9445422492;S
20240119;101525;572.600000000;2;9445422493;S
20240119;101525;572.600000000;35;9445422494;S
20240119;101525;572.600000000;79;9445422495;S
20240119;101525;572.600000000;230;9445422496;S
20240119;101525;572.700000000;2;9445422528;B
20240119;101525;572.600000000;14;9445422532;S
20240119;101526;572.600000000;41;9445422535;S
20240119;101526;572.600000000;102;9445422537;S
20240119;101526;572.600000000;3;9445422620;S
20240119;101527;572.600000000;289;9445423013;S
20240119;101527;572.600000000;1;9445423014;S
20240119;101527;572.550000000;5;9445423015;S
20240119;101527;572.550000000;1;9445423016;S
20240119;101527;572.550000000;2;9445423017;S
20240119;101527;572.550000000;698;9445423018;S
20240119;101527;572.500000000;4;9445423019;S
20240119;101527;572.500000000;12;9445423021;S
20240119;101527;572.500000000;1;9445423022;S
20240119;101527;572.500000000;1;9445423023;S
20240119;101527;572.500000000;67;9445423024;S
20240119;101528;572.750000000;1;9445423111;B
20240119;101528;572.500000000;1;9445423112;S
20240119;101529;572.500000000;2;9445423306;S
20240119;101529;572.500000000;1;9445423307;S
20240119;101529;572.500000000;2;9445423308;S
20240119;101529;572.500000000;1;9445423309;S
20240119;101529;572.500000000;1;9445423310;S
20240119;101529;572.500000000;1;9445423311;S
20240119;101529;572.500000000;1;9445423312;S
20240119;101529;572.500000000;5;9445423313;S
20240119;101529;572.500000000;186;9445423314;S
20240119;101530;572.500000000;14;9445423439;S
20240119;101530;572.500000000;5;9445423440;S
20240119;101530;572.500000000;1;9445423441;S
20240119;101530;572.500000000;10;9445423442;S
20240119;101530;572.500000000;1;9445423443;S
20240119;101530;572.500000000;3;9445423444;S
20240119;101530;572.500000000;2;9445423445;S
20240119;101530;572.500000000;1;9445423446;S
20240119;101531;572.450000000;1;9445423567;S
20240119;101532;572.500000000;1;9445423744;B
20240119;101532;572.450000000;12;9445423753;S
20240119;101533;572.450000000;1;9445423876;S
20240119;101533;572.500000000;62;9445423907;B
20240119;101533;572.650000000;64;9445423908;B
20240119;101533;572.700000000;74;9445423909;B
20240119;101533;572.450000000;2;9445423970;S
20240119;101536;572.550000000;1;9445424530;B
20240119;101536;572.450000000;1;9445424570;S
20240119;101536;572.450000000;5;9445424571;S
20240119;101536;572.400000000;1;9445424572;S
20240119;101536;572.400000000;10;9445424573;S
20240119;101536;572.400000000;6;9445424574;S
20240119;101537;572.400000000;46;9445424690;B
20240119;101537;572.400000000;5;9445424739;B
20240119;101537;572.350000000;2;9445424772;S
20240119;101538;572.350000000;32;9445424913;S
20240119;101538;572.300000000;100;9445424914;S
20240119;101538;572.300000000;39;9445424915;S
20240119;101538;572.250000000;1;9445424917;S
20240119;101538;572.250000000;1;9445424918;S
20240119;101538;572.250000000;10;9445424919;S
20240119;101538;572.200000000;2;9445424920;S
20240119;101538;572.200000000;1;9445424921;S
20240119;101538;572.200000000;2;9445424922;S
20240119;101538;572.200000000;35;9445424923;S
20240119;101538;572.200000000;1;9445424924;S
20240119;101538;572.200000000;3;9445425013;B
20240119;101538;572.150000000;1;9445425015;S
20240119;101538;572.150000000;1;9445425016;S
20240119;101538;572.200000000;4;9445425054;B
20240119;101538;572.150000000;2;9445425060;S
20240119;101538;572.150000000;30;9445425088;S
20240119;101538;572.150000000;144;9445425089;S
20240119;101539;572.150000000;6;9445425105;S
20240119;101539;572.150000000;182;9445425106;B
20240119;101539;572.150000000;182;9445425107;B
20240119;101539;572.150000000;118;9445425108;B
20240119;101539;572.150000000;1;9445425147;B
20240119;101539;572.150000000;183;9445425148;B
20240119;101539;572.400000000;1;9445425151;B
20240119;101539;572.400000000;7;9445425164;B
20240119;101542;572.400000000;13;9445426006;S
20240119;101542;572.450000000;2;9445426057;B
20240119;101544;572.400000000;3;9445426257;S
20240119;101544;572.250000000;1;9445426258;S
20240119;101544;572.200000000;20;9445426259;S
20240119;101544;572.200000000;61;9445426260;S
20240119;101544;572.150000000;302;9445426261;S
20240119;101544;572.150000000;75;9445426262;S
20240119;101544;572.100000000;1;9445426263;S
20240119;101544;572.100000000;1;9445426264;S
20240119;101544;572.100000000;3;9445426265;S
20240119;101544;572.100000000;33;9445426266;S
20240119;101544;572.450000000;1;9445426351;B
20240119;101545;572.450000000;1;9445426485;B
20240119;101548;572.400000000;1;9445427140;B
20240119;101548;572.450000000;1;9445427141;B
20240119;101549;572.250000000;100;9445427297;S
20240119;101550;572.250000000;100;9445427692;S
20240119;101550;572.250000000;50;9445427693;S
20240119;101550;572.250000000;61;9445427694;S
20240119;101550;572.200000000;5;9445427802;S
20240119;101551;572.200000000;52;9445427997;S
20240119;101551;572.200000000;100;9445428003;S
20240119;101551;572.200000000;93;9445428123;S
20240119;101551;572.150000000;61;9445428156;S
20240119;101551;572.150000000;39;9445428157;S
20240119;101551;572.150000000;100;9445428169;S
20240119;101551;572.150000000;111;9445428170;S
20240119;101551;572.100000000;100;9445428425;S
20240119;101551;572.150000000;2;9445428451;B
20240119;101551;572.150000000;5;9445428457;B
20240119;101552;572.100000000;1;9445428556;S
20240119;101552;572.100000000;100;9445428701;S
20240119;101552;572.100000000;100;9445428806;S
20240119;101552;572.100000000;200;9445429055;S
20240119;101552;572.100000000;100;9445429056;S
20240119;101553;572.150000000;7;9445429188;B
20240119;101553;572.150000000;5;9445429369;B
20240119;101553;572.150000000;1;9445429404;B
20240119;101553;572.150000000;1;9445429433;B
20240119;101553;572.150000000;3;9445429452;B
20240119;101553;572.150000000;8;9445429473;B
20240119;101554;572.150000000;1;9445429485;B
20240119;101554;572.150000000;1;9445429561;B
20240119;101554;572.100000000;200;9445429702;S
20240119;101554;572.100000000;100;9445429703;S
20240119;101555;572.150000000;1;9445429968;B
20240119;101555;572.150000000;1;9445429969;B
20240119;101555;572.150000000;2;9445430006;B
20240119;101555;572.150000000;5;9445430007;B
20240119;101555;572.150000000;2;9445430139;B
20240119;101556;572.150000000;2;9445430301;B
20240119;101556;572.150000000;42;9445430308;B
20240119;101556;572.150000000;158;9445430309;B
20240119;101556;572.100000000;66;9445430310;S
20240119;101556;572.100000000;2;9445430311;S
20240119;101556;572.100000000;15;9445430312;S
20240119;101556;572.100000000;15;9445430313;S
20240119;101556;572.100000000;20;9445430314;S
20240119;101556;572.100000000;100;9445430315;S
20240119;101556;572.100000000;15959;9445430316;S
20240119;101556;572.100000000;10;9445430317;S
20240119;101556;572.100000000;1;9445430318;S
20240119;101556;572.050000000;10;9445430319;S
20240119;101556;572.050000000;1;9445430320;S
20240119;101556;572.050000000;1;9445430321;S
20240119;101556;572.050000000;35;9445430322;S
20240119;101556;572.050000000;6;9445430323;S
20240119;101556;572.050000000;5;9445430324;S
20240119;101556;572.050000000;50;9445430325;S
20240119;101556;572.050000000;18;9445430326;S
20240119;101556;572.050000000;10;9445430327;S
20240119;101556;572.050000000;10;9445430328;S
20240119;101556;572.050000000;50;9445430329;S
20240119;101556;572.050000000;100;9445430330;S
20240119;101556;572.000000000;1;9445430331;S
20240119;101556;572.000000000;2;9445430332;S
20240119;101556;572.000000000;100;9445430333;S
20240119;101556;572.000000000;1;9445430334;S
20240119;101556;572.000000000;1;9445430335;S
20240119;101556;572.000000000;1;9445430336;S
20240119;101556;572.000000000;2;9445430337;S
20240119;101556;572.000000000;25;9445430338;S
20240119;101556;572.000000000;20;9445430339;S
20240119;101556;572.000000000;1;9445430340;S
20240119;101556;572.000000000;1;9445430341;S
20240119;101556;572.000000000;100;9445430342;S
20240119;101556;572.000000000;1;9445430343;S
20240119;101556;572.000000000;5;9445430344;S
20240119;101556;572.000000000;100;9445430345;S
20240119;101556;572.000000000;1;9445430346;S
20240119;101556;572.000000000;1;9445430347;S
20240119;101556;572.000000000;1;9445430348;S
20240119;101556;572.000000000;20;9445430349;S
20240119;101556;572.000000000;1;9445430350;S
20240119;101556;572.000000000;3;9445430351;S
20240119;101556;572.000000000;7;9445430352;S
20240119;101556;572.000000000;450;9445430353;S
20240119;101556;572.000000000;1;9445430354;S
20240119;101556;572.000000000;1;9445430355;S
20240119;101556;572.000000000;3000;9445430356;S
20240119;101556;572.000000000;1;9445430357;S
20240119;101556;572.000000000;1;9445430358;S
20240119;101556;572.000000000;138;9445430359;S
20240119;101556;572.000000000;1;9445430360;S
20240119;101556;572.000000000;1;9445430361;S
20240119;101556;572.000000000;2;9445430362;S
20240119;101556;572.000000000;20;9445430363;S
20240119;101556;572.000000000;20;9445430364;S
20240119;101556;572.000000000;8;9445430365;S
20240119;101556;572.000000000;2;9445430366;S
20240119;101556;572.000000000;1;9445430367;S
20240119;101556;572.000000000;1;9445430368;S
20240119;101556;572.000000000;3;9445430369;S
20240119;101556;572.000000000;1;9445430370;S
20240119;101556;572.000000000;50;9445430371;S
20240119;101556;572.000000000;500;9445430372;S
20240119;101556;572.000000000;1;9445430373;S
20240119;101556;572.000000000;10;9445430374;S
20240119;101556;572.000000000;8;9445430375;S
20240119;101556;572.000000000;1;9445430376;S
20240119;101556;572.000000000;1500;9445430377;S
20240119;101556;572.000000000;1;9445430378;S
20240119;101556;572.000000000;3;9445430379;S
20240119;101556;572.000000000;20;9445430380;S
20240119;101556;572.000000000;200;9445430381;S
20240119;101556;572.000000000;1;9445430382;S
20240119;101556;572.000000000;1;9445430383;S
20240119;101556;572.000000000;111;9445430384;S
20240119;101556;572.000000000;1;9445430385;S
20240119;101556;572.000000000;44;9445430386;S
20240119;101556;572.000000000;7;9445430387;S
20240119;101556;572.000000000;50;9445430388;S
20240119;101556;572.000000000;10;9445430389;S
20240119;101556;572.000000000;6;9445430390;S
20240119;101556;572.000000000;6;9445430391;S
20240119;101556;572.000000000;1;9445430392;S
20240119;101556;572.000000000;1;9445430393;S
20240119;101556;572.000000000;6;9445430394;S
20240119;101556;571.950000000;50;9445430395;S
20240119;101556;571.950000000;1000;9445430396;S
20240119;101556;571.900000000;5;9445430399;S
20240119;101556;571.900000000;3;9445430400;S
20240119;101556;571.900000000;1;9445430401;S
20240119;101556;571.850000000;1;9445430404;S
20240119;101556;571.850000000;1;9445430405;S
20240119;101556;571.850000000;1;9445430406;S
20240119;101556;571.850000000;1;9445430407;S
20240119;101556;571.850000000;2;9445430408;S
20240119;101556;571.850000000;200;9445430409;S
20240119;101556;571.800000000;2;9445430412;S
20240119;101556;571.800000000;5;9445430413;S
20240119;101556;571.800000000;250;9445430414;S
20240119;101556;571.800000000;1;9445430415;S
20240119;101556;571.800000000;1;9445430416;S
20240119;101556;571.800000000;5;9445430417;S
20240119;101556;571.800000000;125;9445430418;S
20240119;101556;571.800000000;200;9445430419;S
20240119;101556;571.800000000;1;9445430430;S
20240119;101556;571.800000000;1000;9445430481;S
20240119;101556;571.900000000;7;9445430485;B
20240119;101556;571.800000000;1;9445430501;S
20240119;101556;571.750000000;50;9445430509;S
20240119;101556;571.750000000;9;9445430510;S
20240119;101556;571.750000000;1;9445430511;S
20240119;101556;571.700000000;1;9445430513;S
20240119;101556;571.700000000;1;9445430514;S
20240119;101556;571.700000000;1;9445430515;S
20240119;101556;571.700000000;2;9445430516;S
20240119;101556;571.650000000;50;9445430517;S
20240119;101556;571.650000000;4;9445430518;S
20240119;101556;571.650000000;3;9445430519;S
20240119;101556;571.650000000;2;9445430520;S
20240119;101556;571.650000000;5;9445430521;S
20240119;101556;571.600000000;1;9445430546;S
20240119;101556;571.600000000;1;9445430547;S
20240119;101556;571.550000000;3;9445430548;S
20240119;101556;571.600000000;1;9445430551;B
20240119;101556;571.600000000;1;9445430564;B
20240119;101556;571.600000000;5;9445430577;B
20240119;101556;571.600000000;2;9445430578;B
20240119;101556;571.600000000;1;9445430594;B
20240119;101556;571.600000000;1;9445430599;B
20240119;101556;571.600000000;4;9445430606;B
20240119;101556;571.600000000;2;9445430610;B
20240119;101556;571.600000000;10;9445430618;B
20240119;101556;571.600000000;5;9445430620;B
20240119;101556;571.600000000;2;9445430621;B
20240119;101556;571.600000000;1;9445430632;B
20240119;101556;571.550000000;2;9445430633;S
20240119;101556;571.550000000;3;9445430634;S
20240119;101556;571.600000000;10;9445430669;B
20240119;101556;571.600000000;3;9445430673;B
20240119;101556;571.600000000;20;9445430680;B
20240119;101556;571.550000000;2;9445430681;S
20240119;101556;571.550000000;1;9445430682;S
20240119;101556;571.550000000;50;9445430683;S
20240119;101556;571.550000000;3;9445430684;S
20240119;101556;571.550000000;20;9445430685;S
20240119;101556;571.550000000;1;9445430686;S
20240119;101556;571.500000000;10;9445430687;S
20240119;101556;571.500000000;4;9445430688;S
20240119;101556;571.500000000;5;9445430689;S
20240119;101556;571.500000000;2;9445430690;S
20240119;101556;571.500000000;1;9445430691;S
20240119;101556;571.500000000;1;9445430692;S
20240119;101556;571.500000000;10;9445430693;S
20240119;101556;571.500000000;1;9445430694;S
20240119;101556;571.500000000;5;9445430695;S
20240119;101556;571.500000000;1;9445430696;S
20240119;101556;571.500000000;2;9445430697;S
20240119;101556;571.500000000;5;9445430698;S
20240119;101556;571.500000000;1;9445430699;S
20240119;101556;571.500000000;1;9445430700;S
20240119;101556;571.500000000;54;9445430701;S
20240119;101556;571.500000000;9;9445430705;S
20240119;101556;571.600000000;15;9445430723;B
20240119;101556;571.500000000;6;9445430724;S
20240119;101556;571.600000000;2;9445430726;B
20240119;101556;571.600000000;66;9445430727;B
20240119;101556;571.600000000;92;9445430728;B
20240119;101556;571.650000000;17;9445430729;B
20240119;101556;571.650000000;2;9445430731;B
20240119;101556;571.650000000;10;9445430741;B
20240119;101556;571.650000000;1;9445430760;B
20240119;101556;571.650000000;13;9445430768;B
20240119;101556;571.650000000;87;9445430769;B
20240119;101557;571.550000000;1;9445430770;S
20240119;101557;571.500000000;19;9445430778;S
20240119;101557;571.500000000;1;9445430779;S
20240119;101557;571.500000000;5;9445430780;S
20240119;101557;571.500000000;1;9445430781;S
20240119;101557;571.500000000;1;9445430782;S
20240119;101557;571.500000000;1;9445430783;S
20240119;101557;571.500000000;2;9445430784;S
20240119;101557;571.500000000;170;9445430785;S
20240119;101557;571.500000000;195;9445430786;S
20240119;101557;571.500000000;200;9445430787;S
20240119;101557;571.550000000;1;9445430788;B
20240119;101557;571.500000000;1;9445430800;S
20240119;101557;571.550000000;1;9445430803;B
20240119;101557;571.550000000;1;9445430804;B
20240119;101557;571.550000000;1;9445430808;B
20240119;101557;571.550000000;1;9445430809;B
20240119;101557;571.550000000;1;9445430812;B
20240119;101557;571.550000000;1;9445430814;B
20240119;101557;571.550000000;1;9445430824;B
20240119;101557;571.550000000;1;9445430842;B
20240119;101557;571.550000000;5;9445430843;B
20240119;101557;571.550000000;1;9445430849;B
20240119;101557;571.550000000;1;9445430850;B
20240119;101557;571.550000000;2;9445430872;B
20240119;101557;571.550000000;5;9445430873;B
20240119;101557;571.550000000;1;9445430874;B
20240119;101557;571.550000000;3;9445430876;B
20240119;101557;571.500000000;145;9445430877;S
20240119;101557;571.500000000;1;9445430891;S
20240119;101557;571.500000000;305;9445430893;S
20240119;101557;571.550000000;1;9445430896;B
20240119;101557;571.550000000;2;9445430898;B
20240119;101557;571.550000000;5;9445430908;B
20240119;101557;571.550000000;1;9445430943;B
20240119;101557;571.550000000;2;9445430945;B
20240119;101557;571.550000000;1;9445430946;B
20240119;101557;571.550000000;1;9445430947;B
20240119;101557;571.550000000;13;9445430948;B
20240119;101557;571.500000000;1;9445430962;S
20240119;101557;571.550000000;15;9445430964;B
20240119;101557;571.500000000;600;9445430965;S
20240119;101557;571.500000000;300;9445430967;S
20240119;101557;571.550000000;1;9445430974;B
20240119;101557;571.550000000;5;9445430989;B
20240119;101557;571.550000000;98;9445431002;B
20240119;101557;571.550000000;150;9445431003;B
20240119;101557;571.600000000;25;9445431004;B
20240119;101557;571.650000000;27;9445431005;B
20240119;101557;571.650000000;20;9445431053;B
20240119;101557;571.500000000;26;9445431081;S
20240119;101557;571.700000000;10;9445431107;B
20240119;101557;571.700000000;32;9445431108;B
20240119;101557;571.700000000;138;9445431109;B
20240119;101558;571.600000000;1;9445431174;S
20240119;101558;571.550000000;19;9445431265;B
20240119;101558;571.550000000;150;9445431266;B
20240119;101558;571.800000000;87;9445431267;B
20240119;101558;571.800000000;523;9445431268;B
20240119;101558;571.800000000;221;9445431269;B
20240119;101558;571.750000000;80;9445431279;B
20240119;101558;571.750000000;5;9445431328;B
20240119;101559;571.750000000;1;9445431443;B
20240119;101559;571.650000000;100;9445431570;S
20240119;101600;571.750000000;1;9445431953;B
20240119;101601;571.900000000;4;9445432069;B
20240119;101602;571.750000000;59;9445432262;S
20240119;101602;571.900000000;1;9445432379;B
20240119;101603;571.900000000;10;9445432392;B
20240119;101604;571.750000000;91;9445432669;S
20240119;101604;571.750000000;9;9445432670;S
20240119;101604;571.900000000;124;9445432786;B
20240119;101604;571.900000000;76;9445432787;B
20240119;101606;571.800000000;1;9445433183;B
20240119;101606;571.800000000;1;9445433204;B
20240119;101607;571.750000000;2;9445433559;S
20240119;101609;571.800000000;1;9445433835;B
20240119;101609;571.800000000;1;9445433836;B
20240119;101609;571.800000000;168;9445433912;B
20240119;101609;571.750000000;4;9445433930;S
20240119;101610;571.750000000;2;9445434061;S
20240119;101611;571.800000000;50;9445434332;B
20240119;101611;571.800000000;9;9445434356;B
20240119;101613;571.750000000;1;9445434683;S
20240119;101613;571.750000000;3;9445434686;S
20240119;101614;571.850000000;1;9445434957;B
20240119;101614;571.850000000;10;9445434985;B
20240119;101614;571.850000000;1;9445434996;B
20240119;101614;571.750000000;23;9445435008;S
20240119;101614;571.750000000;27;9445435009;S
20240119;101616;571.900000000;500;9445435354;B
20240119;101616;571.900000000;83;9445435355;B
20240119;101616;571.900000000;437;9445435356;B
20240119;101617;571.950000000;5;9445435475;B
20240119;101617;571.950000000;4;9445435487;B
20240119;101617;572.000000000;6;9445435488;B
20240119;101617;571.950000000;14;9445435507;S
20240119;101617;572.000000000;1;9445435544;B
20240119;101618;572.000000000;13;9445435599;B
20240119;101618;572.000000000;20;9445435600;B
20240119;101618;572.000000000;52;9445435601;B
20240119;101618;572.100000000;115;9445435602;B
20240119;101618;571.950000000;4;9445435622;S
20240119;101618;572.150000000;1;9445435639;B
20240119;101618;572.150000000;30;9445435640;B
20240119;101618;571.950000000;100;9445435658;S
20240119;101618;571.950000000;100;9445435659;S
20240119;101619;571.950000000;4;9445435767;S
20240119;101620;572.150000000;1;9445436080;B
20240119;101624;572.150000000;2;9445437047;B
20240119;101624;572.150000000;1;9445437165;B
20240119;101631;572.000000000;15;9445438979;S
20240119;101631;572.000000000;2;9445438980;S
20240119;101631;572.000000000;3;9445438981;S
20240119;101631;571.950000000;301;9445438982;S
20240119;101631;571.950000000;1000;9445438983;S
20240119;101631;571.950000000;81;9445438984;S
20240119;101631;571.950000000;397;9445438985;S
20240119;101631;571.900000000;980;9445438986;S
20240119;101631;571.850000000;45;9445438987;S
20240119;101631;571.800000000;1;9445438988;S
20240119;101631;571.800000000;300;9445438989;S
20240119;101631;571.800000000;1;9445438990;S
20240119;101631;571.800000000;10;9445438991;S
20240119;101631;571.750000000;5;9445438992;S
20240119;101631;571.750000000;1;9445438993;S
20240119;101631;571.750000000;10;9445438994;S
20240119;101631;571.700000000;1;9445438995;S
20240119;101631;571.700000000;80;9445438996;S
20240119;101631;571.700000000;2;9445438997;S
20240119;101631;571.700000000;9;9445438998;S
20240119;101631;571.650000000;20;9445438999;S
20240119;101631;571.600000000;1;9445439000;S
20240119;101631;571.600000000;1;9445439001;S
20240119;101631;571.600000000;50;9445439002;S
20240119;101631;571.600000000;800;9445439003;S
20240119;101631;571.550000000;5;9445439004;S
20240119;101631;571.550000000;100;9445439005;S
