<DATE>;<TIME>;<LAST>;<VOL>;<ID>;<OPER>
20240206;095957;593.000000000;1;9541098767;S
20240206;095957;593.000000000;1;9541098768;S
20240206;095957;593.000000000;1;9541098769;S
20240206;095957;593.000000000;2;9541098770;S
20240206;095957;593.000000000;1;9541098771;B
20240206;095957;593.000000000;67;9541098772;B
20240206;095957;593.000000000;13;9541098773;S
20240206;095957;593.000000000;1;9541098774;S
20240206;095957;593.000000000;10;9541098775;S
20240206;095957;593.000000000;5;9541098776;S
20240206;095957;593.000000000;2;9541098777;S
20240206;095957;593.000000000;26;9541098778;S
20240206;095957;593.000000000;46;9541098779;S
20240206;095957;593.000000000;84;9541098780;S
20240206;095957;593.000000000;20;9541098781;S
20240206;095957;593.000000000;1;9541098782;S
20240206;095957;593.000000000;6;9541098783;S
20240206;095957;593.000000000;2;9541098784;S
20240206;095957;593.000000000;200;9541098785;S
20240206;095957;593.000000000;1;9541098786;B
20240206;095957;593.000000000;1;9541098787;B
20240206;095957;593.000000000;1;9541098788;B
20240206;095957;593.000000000;1;9541098789;B
20240206;095957;593.000000000;1;9541098790;B
20240206;095957;593.000000000;1;9541098791;B
20240206;095957;593.000000000;20;9541098792;B
20240206;095957;593.000000000;1;9541098793;B
20240206;095957;593.000000000;2;9541098794;B
20240206;095957;593.000000000;3;9541098795;B
20240206;095957;593.000000000;1;9541098796;B
20240206;095957;593.000000000;21;9541098797;B
20240206;095957;593.000000000;1;9541098798;B
20240206;095957;593.000000000;1;9541098799;B
20240206;095957;593.000000000;1;9541098800;B
20240206;095957;593.000000000;2;9541098801;B
20240206;095957;593.000000000;9;9541098802;B
20240206;095957;593.000000000;16;9541098803;B
20240206;095957;593.000000000;1;9541098804;B
20240206;095957;593.000000000;186;9541098805;B
20240206;095957;593.000000000;100;9541098806;B
20240206;095957;593.000000000;2;9541098807;B
20240206;095957;593.000000000;120;9541098808;B
20240206;095957;593.000000000;2;9541098809;B
20240206;095957;593.000000000;1;9541098810;B
20240206;095957;593.000000000;100;9541098811;B
20240206;095957;593.000000000;155;9541098812;B
20240206;095957;593.000000000;11;9541098813;B
20240206;095957;593.000000000;1;9541098814;S
20240206;095957;593.000000000;7;9541098815;S
20240206;095957;593.000000000;8;9541098816;S
20240206;095957;593.000000000;2;9541098817;S
20240206;095957;593.000000000;6;9541098818;S
20240206;095957;593.000000000;4;9541098819;S
20240206;095957;593.000000000;1;9541098820;S
20240206;095957;593.000000000;2;9541098821;B
20240206;095957;593.000000000;8;9541098822;B
20240206;095957;593.000000000;1;9541098823;B
20240206;095957;593.000000000;7;9541098824;B
20240206;095957;593.000000000;16;9541098825;B
20240206;095957;593.000000000;5;9541098826;B
20240206;095957;593.000000000;51;9541098827;S
20240206;095957;593.000000000;1;9541098828;B
20240206;095957;593.000000000;1;9541098829;B
20240206;095957;593.000000000;113;9541098830;B
20240206;095957;593.000000000;275;9541098831;B
20240206;095957;593.000000000;112;9541098832;B
20240206;095957;593.000000000;1;9541098833;B
20240206;095957;593.000000000;5;9541098834;B
20240206;095957;593.000000000;2;9541098835;B
20240206;095957;593.000000000;3;9541098836;B
20240206;095957;593.000000000;44;9541098837;S
20240206;095957;593.000000000;1;9541098838;B
20240206;095957;593.000000000;1;9541098839;B
20240206;095957;593.000000000;3;9541098840;B
20240206;095957;593.000000000;3;9541098841;B
20240206;095957;593.000000000;1;9541098842;B
20240206;095957;593.000000000;824;9541098843;S
20240206;095957;593.000000000;11;9541098844;S
20240206;095957;593.000000000;1;9541098845;S
20240206;095957;593.000000000;40;9541098846;S
20240206;095957;593.000000000;2;9541098847;B
20240206;095957;593.000000000;12;9541098848;B
20240206;095957;593.000000000;310;9541098849;B
20240206;095957;593.000000000;5;9541098850;B
20240206;095957;593.000000000;1;9541098851;B
20240206;095957;593.000000000;1;9541098852;B
20240206;095957;593.000000000;25;9541098853;B
20240206;095957;593.000000000;58;9541098854;B
20240206;095957;593.000000000;42;9541098855;B
20240206;095957;593.000000000;2;9541098856;B
20240206;095957;593.000000000;2;9541098857;B
20240206;095957;593.000000000;1;9541098858;B
20240206;095957;593.000000000;13;9541098859;B
20240206;095957;593.000000000;30;9541098860;B
20240206;095957;593.000000000;33;9541098861;B
20240206;095957;593.000000000;1;9541098862;S
20240206;095957;593.000000000;1;9541098863;B
20240206;095957;593.000000000;22;9541098864;B
20240206;095957;593.000000000;18;9541098865;B
20240206;095957;593.000000000;20;9541098866;S
20240206;095957;593.000000000;1;9541098867;S
20240206;095957;593.000000000;37;9541098868;S
20240206;095957;593.000000000;5;9541098869;S
20240206;095957;593.000000000;1;9541098870;S
20240206;095957;593.000000000;187;9541098871;S
20240206;095957;593.000000000;13;9541098872;S
20240206;095957;593.000000000;202;9541098873;S
20240206;095957;593.000000000;1;9541098874;S
20240206;095957;593.000000000;1;9541098875;S
20240206;095957;593.000000000;2;9541098876;S
20240206;095957;593.000000000;1;9541098877;S
20240206;095957;593.000000000;4;9541098878;S
20240206;095957;593.000000000;1776;9541098879;B
20240206;095957;593.000000000;21;9541098880;B
20240206;095957;593.000000000;10;9541098881;B
20240206;095957;593.000000000;15;9541098882;B
20240206;095957;593.000000000;4;9541098883;B
20240206;095957;593.000000000;4;9541098884;B
20240206;095957;593.000000000;2;9541098885;B
20240206;095957;593.000000000;2;9541098886;B
20240206;095957;593.000000000;50;9541098887;B
20240206;095957;593.000000000;1;9541098888;B
20240206;095957;593.000000000;2;9541098889;B
20240206;095957;593.000000000;1;9541098890;B
20240206;095957;593.000000000;10;9541098891;B
20240206;095957;593.000000000;1;9541098892;B
20240206;095957;593.000000000;3;9541098893;B
20240206;095957;593.000000000;5;9541098894;B
20240206;095957;593.000000000;10;9541098895;B
20240206;095957;593.000000000;1;9541098896;B
20240206;095957;593.000000000;4;9541098897;B
20240206;095957;593.000000000;1;9541098898;B
20240206;095957;593.000000000;1;9541098899;B
20240206;095957;593.000000000;1;9541098900;B
20240206;095957;593.000000000;1;9541098901;B
20240206;095957;593.000000000;5;9541098902;B
20240206;095957;593.000000000;1;9541098903;B
20240206;095957;593.000000000;2;9541098904;B
20240206;095957;593.000000000;5;9541098905;B
20240206;095957;593.000000000;1;9541098906;B
20240206;095957;593.000000000;100;9541098907;B
20240206;095957;593.000000000;2;9541098908;B
20240206;095957;593.000000000;10;9541098909;B
20240206;095957;593.000000000;1;9541098910;B
20240206;095957;593.000000000;1;9541098911;B
20240206;095957;593.000000000;70;9541098912;B
20240206;095957;593.000000000;10;9541098913;B
20240206;095957;593.000000000;2;9541098914;B
20240206;095957;593.000000000;10;9541098915;B
20240206;095957;593.000000000;8;9541098916;B
20240206;095957;593.000000000;10;9541098917;B
20240206;095957;593.000000000;10;9541098918;B
20240206;095957;593.000000000;826;9541098919;B
20240206;095957;593.000000000;2;9541098920;B
20240206;095957;593.000000000;30;9541098921;S
20240206;095957;593.000000000;180;9541098922;S
20240206;095957;593.000000000;400;9541098923;S
20240206;095957;593.000000000;300;9541098924;S
20240206;095957;593.000000000;10;9541098925;B
20240206;095957;593.000000000;2000;9541098926;B
20240206;095957;593.000000000;252;9541098927;B
20240206;095957;593.000000000;1;9541098928;B
20240206;095957;593.000000000;2;9541098929;B
20240206;095957;593.000000000;1;9541098930;B
20240206;095957;593.000000000;50;9541098931;B
20240206;095957;593.000000000;394;9541098932;S
20240206;095957;593.000000000;2000;9541098933;S
20240206;100000;592.950000000;1;9541099205;S
20240206;100000;592.800000000;1;9541099206;S
20240206;100000;592.600000000;1;9541099207;S
20240206;100000;592.550000000;4;9541099208;S
20240206;100000;592.550000000;32;9541099209;S
20240206;100000;593.000000000;406;9541099383;B
20240206;100000;593.000000000;4;9541099384;B
20240206;100000;593.000000000;9;9541099385;B
20240206;100000;593.050000000;2;9541099386;B
20240206;100000;593.050000000;2;9541099387;B
20240206;100000;593.100000000;66;9541099388;B
20240206;100000;593.100000000;9;9541099389;B
20240206;100000;593.100000000;1;9541099390;B
20240206;100000;593.100000000;1;9541099391;B
20240206;100000;593.100000000;1;9541099392;B
20240206;100000;593.100000000;2;9541099393;B
20240206;100000;593.100000000;1;9541099394;B
20240206;100000;593.100000000;27;9541099395;B
20240206;100000;593.200000000;1;9541099396;B
20240206;100000;593.200000000;42;9541099397;B
20240206;100000;593.250000000;55;9541099398;B
20240206;100000;593.250000000;10;9541099399;B
20240206;100000;593.250000000;2;9541099400;B
20240206;100000;593.250000000;5;9541099401;B
20240206;100000;593.300000000;1;9541099402;B
20240206;100000;593.300000000;5;9541099403;B
20240206;100000;593.350000000;1;9541099404;B
20240206;100000;593.350000000;10;9541099405;B
20240206;100000;593.400000000;1;9541099406;B
20240206;100000;593.400000000;20;9541099407;B
20240206;100000;593.400000000;1;9541099408;B
20240206;100000;593.400000000;50;9541099409;B
20240206;100000;593.400000000;31;9541099410;B
20240206;100000;593.400000000;8;9541099411;B
20240206;100000;593.400000000;1;9541099412;B
20240206;100000;593.450000000;1;9541099413;B
20240206;100000;593.450000000;3;9541099414;B
20240206;100000;593.450000000;40;9541099415;B
20240206;100000;593.450000000;1;9541099416;B
20240206;100000;593.450000000;134;9541099417;B
20240206;100000;593.500000000;1;9541099418;B
20240206;100000;593.500000000;5;9541099419;B
20240206;100000;593.500000000;1;9541099420;B
20240206;100000;593.500000000;5;9541099421;B
20240206;100000;593.500000000;1;9541099422;B
20240206;100000;593.500000000;10;9541099423;B
20240206;100000;593.500000000;23;9541099424;B
20240206;100000;593.000000000;41;9541099450;B
20240206;100000;593.000000000;11;9541099451;B
20240206;100000;593.000000000;66;9541099452;B
20240206;100000;593.500000000;50;9541099453;B
20240206;100000;593.000000000;9;9541099475;B
20240206;100000;593.000000000;2;9541099534;B
20240206;100000;593.000000000;14;9541099535;B
20240206;100000;593.000000000;3;9541099536;B
20240206;100000;593.000000000;5;9541099537;B
20240206;100000;593.500000000;76;9541099538;B
20240206;100000;592.700000000;8;9541099543;S
20240206;100000;593.000000000;14;9541099611;B
20240206;100000;593.000000000;3;9541099612;B
20240206;100000;593.000000000;1;9541099622;B
20240206;100000;593.000000000;1;9541099626;B
20240206;100000;593.000000000;5;9541099631;B
20240206;100000;593.000000000;5;9541099632;B
20240206;100000;593.000000000;1;9541099633;B
20240206;100000;593.500000000;7;9541099634;B
20240206;100000;592.750000000;1;9541099637;S
20240206;100000;593.500000000;1;9541099642;B
20240206;100000;593.500000000;1;9541099670;B
20240206;100000;593.500000000;5;9541099672;B
20240206;100000;593.000000000;4;9541099679;S
20240206;100000;593.500000000;1;9541099680;B
20240206;100000;593.000000000;1;9541099691;S
20240206;100000;593.450000000;13;9541099729;B
20240206;100000;593.250000000;168;9541099740;S
20240206;100000;593.200000000;200;9541099741;S
20240206;100000;593.200000000;5;9541099742;S
20240206;100000;593.000000000;15;9541099743;S
20240206;100000;593.000000000;26;9541099744;S
20240206;100000;593.000000000;108;9541099747;S
20240206;100000;592.950000000;70;9541099748;S
20240206;100000;592.950000000;4;9541099749;S
20240206;100000;593.000000000;10;9541099761;B
20240206;100000;593.000000000;15;9541099762;B
20240206;100000;593.050000000;17;9541099763;S
20240206;100000;593.050000000;92;9541099775;S
20240206;100000;592.950000000;4;9541099783;S
20240206;100000;592.950000000;1;9541099784;S
20240206;100000;593.000000000;10;9541099785;B
20240206;100000;593.000000000;10;9541099787;B
20240206;100000;592.950000000;2;9541099788;S
20240206;100000;592.650000000;18;9541099789;S
20240206;100000;593.000000000;23;9541099791;B
20240206;100000;592.650000000;10;9541099795;S
20240206;100000;593.000000000;15;9541099806;B
20240206;100000;593.400000000;2;9541099807;B
20240206;100000;593.500000000;63;9541099808;B
20240206;100000;593.500000000;1773;9541099811;B
20240206;100000;593.500000000;2;9541099812;B
20240206;100000;593.500000000;1;9541099813;B
20240206;100000;593.500000000;232;9541099814;B
20240206;100000;593.500000000;134;9541099815;B
20240206;100000;593.550000000;6;9541099816;B
20240206;100000;593.550000000;421;9541099817;B
20240206;100000;593.550000000;134;9541099818;B
20240206;100000;593.550000000;200;9541099819;B
20240206;100000;593.550000000;46;9541099820;B
20240206;100000;593.600000000;51;9541099821;B
20240206;100000;593.100000000;10;9541099842;B
20240206;100000;593.550000000;134;9541099851;B
20240206;100000;593.550000000;66;9541099852;B
20240206;100000;593.500000000;1;9541099854;B
20240206;100000;593.550000000;234;9541099855;B
20240206;100000;593.600000000;215;9541099856;B
20240206;100000;593.600000000;1;9541099860;B
20240206;100000;593.600000000;10;9541099861;B
20240206;100000;593.600000000;2;9541099862;B
20240206;100000;593.600000000;38;9541099863;B
20240206;100000;593.600000000;40;9541099864;B
20240206;100000;593.600000000;10;9541099889;B
20240206;100000;593.400000000;50;9541099898;S
20240206;100000;593.400000000;500;9541099905;S
20240206;100000;593.600000000;54;9541099908;B
20240206;100000;593.400000000;11;9541099921;S
20240206;100000;593.550000000;33;9541099923;B
20240206;100000;593.400000000;80;9541099932;S
20240206;100000;593.400000000;4;9541099951;S
20240206;100000;593.400000000;10;9541099952;S
20240206;100000;593.550000000;169;9541099962;B
20240206;100000;593.400000000;345;9541099976;S
20240206;100000;593.400000000;69;9541099977;S
20240206;100000;593.450000000;9;9541100037;B
20240206;100000;593.450000000;1;9541100038;B
20240206;100000;593.400000000;500;9541100043;S
20240206;100000;593.550000000;100;9541100060;B
20240206;100001;593.450000000;1;9541100076;S
20240206;100001;593.450000000;8;9541100090;S
20240206;100001;593.550000000;24;9541100095;B
20240206;100001;593.450000000;35;9541100155;S
20240206;100001;593.450000000;6;9541100156;S
20240206;100001;593.400000000;500;9541100157;S
20240206;100001;593.400000000;944;9541100162;S
20240206;100001;593.400000000;5;9541100182;S
20240206;100001;593.450000000;1;9541100187;B
20240206;100001;593.400000000;8;9541100216;S
20240206;100001;593.400000000;228;9541100244;S
20240206;100001;593.450000000;1;9541100251;B
20240206;100001;593.400000000;1;9541100271;S
20240206;100001;593.400000000;1;9541100276;S
20240206;100001;593.400000000;1;9541100287;S
20240206;100001;593.400000000;1;9541100313;S
20240206;100001;593.400000000;1;9541100372;S
20240206;100001;593.400000000;100;9541100385;S
20240206;100001;593.400000000;1;9541100391;S
20240206;100001;593.400000000;10;9541100406;S
20240206;100001;593.400000000;1;9541100416;S
20240206;100001;593.400000000;1;9541100424;S
20240206;100001;593.400000000;6;9541100436;S
20240206;100001;593.400000000;10;9541100438;S
20240206;100001;593.400000000;87;9541100450;S
20240206;100001;593.400000000;1;9541100478;S
20240206;100001;593.400000000;87;9541100492;S
20240206;100001;593.400000000;100;9541100493;S
20240206;100001;593.400000000;1;9541100514;S
20240206;100001;593.400000000;100;9541100528;S
20240206;100001;593.400000000;100;9541100578;S
20240206;100001;593.400000000;5;9541100607;S
20240206;100001;593.200000000;9;9541100608;S
20240206;100001;593.150000000;13;9541100609;S
20240206;100001;593.150000000;129;9541100611;S
20240206;100001;593.100000000;10;9541100612;S
20240206;100001;593.000000000;70;9541100614;S
20240206;100001;593.000000000;100;9541100615;S
20240206;100001;593.000000000;100;9541100616;S
20240206;100001;592.900000000;5;9541100618;S
20240206;100001;592.800000000;30;9541100620;S
20240206;100001;592.900000000;200;9541100660;B
20240206;100001;592.900000000;10;9541100662;B
20240206;100001;592.900000000;70;9541100663;B
20240206;100001;592.700000000;215;9541100667;S
20240206;100001;592.700000000;285;9541100689;S
20240206;100001;592.700000000;421;9541100690;S
20240206;100001;592.650000000;48;9541100691;S
20240206;100001;592.650000000;71;9541100692;S
20240206;100001;592.600000000;40;9541100693;S
20240206;100001;592.600000000;300;9541100701;B
20240206;100001;592.600000000;100;9541100702;B
20240206;100001;592.600000000;30;9541100703;B
20240206;100001;592.600000000;200;9541100706;B
20240206;100001;592.600000000;900;9541100715;B
20240206;100001;592.550000000;20;9541100771;S
20240206;100001;592.550000000;20;9541100776;S
20240206;100001;592.600000000;20;9541100777;B
20240206;100002;592.600000000;260;9541100894;B
20240206;100002;592.600000000;1000;9541100953;B
20240206;100002;592.600000000;2;9541100956;B
20240206;100002;592.550000000;1;9541100975;S
20240206;100002;592.600000000;60;9541100996;B
20240206;100002;592.550000000;250;9541101016;S
20240206;100002;592.550000000;20;9541101045;S
20240206;100002;592.600000000;5;9541101237;B
20240206;100002;592.600000000;100;9541101240;B
20240206;100002;592.600000000;280;9541101478;B
20240206;100002;592.600000000;102;9541101483;B
20240206;100002;592.600000000;85;9541101487;B
20240206;100002;592.550000000;7;9541101565;S
20240206;100002;592.550000000;23;9541101566;S
20240206;100002;592.600000000;500;9541101603;B
20240206;100002;592.600000000;253;9541101625;B
20240206;100002;592.550000000;2;9541101633;S
20240206;100002;592.550000000;26;9541101643;S
20240206;100002;592.600000000;500;9541101657;B
20240206;100002;592.550000000;1;9541101700;S
20240206;100002;592.600000000;10;9541101718;B
20240206;100002;592.600000000;7;9541101727;B
20240206;100003;592.600000000;2000;9541101882;B
20240206;100003;592.550000000;1;9541101901;S
20240206;100003;592.600000000;3;9541101922;B
20240206;100003;592.600000000;150;9541101931;B
20240206;100003;592.600000000;37;9541101955;B
20240206;100003;592.550000000;1;9541101982;S
20240206;100003;592.550000000;1;9541102012;S
20240206;100003;592.600000000;50;9541102017;B
20240206;100003;592.600000000;50;9541102023;B
20240206;100003;592.600000000;1;9541102050;B
20240206;100003;592.600000000;1;9541102051;B
20240206;100003;592.600000000;1;9541102052;B
20240206;100003;592.600000000;1;9541102053;B
20240206;100003;592.600000000;1;9541102054;B
20240206;100003;592.600000000;1;9541102055;B
20240206;100003;592.600000000;1;9541102169;B
20240206;100004;592.600000000;1;9541102280;B
20240206;100004;592.600000000;6;9541102347;B
20240206;100004;592.600000000;2;9541102401;B
20240206;100004;592.550000000;1;9541102402;S
20240206;100004;592.600000000;4;9541102418;B
20240206;100004;592.600000000;8;9541102423;B
20240206;100004;592.600000000;30;9541102515;B
20240206;100004;592.600000000;50;9541102517;B
20240206;100004;592.600000000;38;9541102518;B
20240206;100004;592.550000000;1;9541102572;S
20240206;100004;592.600000000;1;9541102655;B
20240206;100004;592.550000000;3;9541102656;S
20240206;100004;592.600000000;2;9541102657;B
20240206;100004;592.600000000;2;9541102660;B
20240206;100004;592.550000000;25;9541102661;S
20240206;100004;592.600000000;900;9541102739;B
20240206;100004;592.600000000;8;9541102771;B
20240206;100004;592.600000000;149;9541102787;B
20240206;100005;592.550000000;1;9541102938;S
20240206;100005;592.600000000;2;9541103004;B
20240206;100005;592.550000000;1;9541103005;S
20240206;100005;592.600000000;2;9541103007;B
20240206;100005;592.550000000;2;9541103008;S
20240206;100005;592.600000000;2;9541103009;B
20240206;100005;592.600000000;2;9541103010;B
20240206;100005;592.600000000;1;9541103011;B
20240206;100005;592.600000000;1;9541103020;B
20240206;100005;592.600000000;1;9541103024;B
20240206;100005;592.550000000;11;9541103149;S
20240206;100005;592.550000000;10;9541103150;S
20240206;100005;592.550000000;29;9541103151;S
20240206;100005;592.550000000;2;9541103173;S
20240206;100005;592.600000000;1;9541103174;B
20240206;100005;592.600000000;1;9541103175;B
20240206;100005;592.600000000;5;9541103210;B
20240206;100005;592.600000000;1;9541103219;B
20240206;100005;592.550000000;1;9541103223;S
20240206;100005;592.600000000;1;9541103224;B
20240206;100005;592.600000000;120;9541103369;B
20240206;100005;592.550000000;2;9541103426;S
20240206;100005;592.600000000;16;9541103428;B
20240206;100005;592.600000000;1;9541103430;B
20240206;100005;592.550000000;2;9541103443;S
20240206;100005;592.600000000;1;9541103513;B
20240206;100005;592.600000000;1;9541103516;B
20240206;100005;592.550000000;400;9541103567;S
20240206;100005;592.600000000;1;9541103579;B
20240206;100005;592.600000000;1;9541103585;B
20240206;100005;592.600000000;2;9541103586;B
20240206;100005;592.600000000;1;9541103589;B
20240206;100005;592.600000000;2;9541103592;B
20240206;100005;592.600000000;4;9541103596;B
20240206;100005;592.550000000;2;9541103672;S
20240206;100005;592.600000000;1;9541103679;B
20240206;100005;592.600000000;1;9541103690;B
20240206;100005;592.600000000;2;9541103693;B
20240206;100005;592.600000000;1;9541103711;B
20240206;100005;592.600000000;23;9541103828;B
20240206;100005;592.550000000;400;9541103917;S
20240206;100005;592.550000000;9;9541104050;S
20240206;100005;592.600000000;1;9541104054;B
20240206;100005;592.550000000;4;9541104055;S
20240206;100005;592.600000000;2;9541104057;B
20240206;100005;592.550000000;400;9541104207;S
20240206;100005;592.600000000;2;9541104262;B
20240206;100005;592.600000000;2;9541104264;B
20240206;100005;592.550000000;7;9541104269;S
20240206;100005;592.550000000;2;9541104271;S
20240206;100005;592.600000000;2;9541104273;B
20240206;100005;592.600000000;1;9541104289;B
20240206;100005;592.600000000;2;9541104303;B
20240206;100005;592.550000000;2;9541104320;S
20240206;100005;592.600000000;2;9541104323;B
20240206;100005;592.550000000;2;9541104472;S
20240206;100005;592.600000000;8;9541104473;B
20240206;100005;592.550000000;3;9541104477;S
20240206;100006;592.600000000;1;9541104626;B
20240206;100006;592.550000000;2;9541104750;S
20240206;100006;592.600000000;2;9541104751;B
20240206;100006;592.550000000;2;9541104752;S
20240206;100006;592.600000000;300;9541104754;B
20240206;100006;592.600000000;2;9541104755;B
20240206;100006;592.600000000;1;9541104756;B
20240206;100006;592.600000000;100;9541104821;B
20240206;100006;592.600000000;1;9541104837;B
20240206;100006;592.550000000;2;9541104838;S
20240206;100006;592.600000000;1;9541104841;B
20240206;100006;592.600000000;1;9541104843;B
20240206;100006;592.550000000;2;9541104845;S
20240206;100006;592.600000000;1;9541104847;B
20240206;100006;592.600000000;2;9541104868;B
20240206;100006;592.550000000;25;9541104869;S
20240206;100006;592.600000000;1;9541104887;B
20240206;100006;592.600000000;1;9541104889;B
20240206;100006;592.550000000;2;9541104890;S
20240206;100006;592.550000000;2;9541104892;S
20240206;100006;592.550000000;2;9541104894;S
20240206;100006;592.600000000;1;9541105025;B
20240206;100006;592.550000000;1;9541105124;S
20240206;100006;592.600000000;1;9541105126;B
20240206;100006;592.600000000;1;9541105127;B
20240206;100006;592.600000000;1;9541105129;B
20240206;100006;592.600000000;1;9541105130;B
20240206;100006;592.600000000;1;9541105136;B
20240206;100006;592.600000000;5;9541105138;B
20240206;100006;592.550000000;2;9541105214;S
20240206;100006;592.550000000;2;9541105215;S
20240206;100006;592.600000000;1;9541105216;B
20240206;100006;592.600000000;1;9541105217;B
20240206;100006;592.600000000;1;9541105218;B
20240206;100006;592.550000000;2;9541105222;S
20240206;100006;592.600000000;1;9541105338;B
20240206;100006;592.550000000;8;9541105428;S
20240206;100006;592.550000000;1;9541105542;S
20240206;100006;592.550000000;2;9541105544;S
20240206;100006;592.600000000;1;9541105545;B
20240206;100006;592.600000000;2;9541105547;B
20240206;100006;592.600000000;2;9541105548;B
20240206;100006;592.600000000;5;9541105549;B
20240206;100006;592.550000000;2;9541105552;S
20240206;100006;592.600000000;1;9541105553;B
20240206;100006;592.550000000;1;9541105555;S
20240206;100006;592.550000000;2;9541105619;S
20240206;100007;592.600000000;1;9541105962;B
20240206;100007;592.550000000;4;9541105964;S
20240206;100007;592.550000000;2;9541105968;S
20240206;100007;592.600000000;3;9541105969;B
20240206;100007;592.600000000;2;9541105973;B
20240206;100007;592.600000000;1;9541105977;B
20240206;100007;592.600000000;2;9541105978;B
20240206;100007;592.600000000;2;9541105979;B
20240206;100007;592.600000000;1;9541105980;B
20240206;100007;592.550000000;1;9541105985;S
20240206;100007;592.600000000;2;9541105986;B
20240206;100007;592.550000000;2;9541105988;S
20240206;100007;592.600000000;1;9541106017;B
20240206;100007;592.600000000;1;9541106182;B
20240206;100007;592.600000000;2;9541106183;B
20240206;100007;592.600000000;100;9541106184;B
20240206;100007;592.600000000;2;9541106185;B
20240206;100007;592.600000000;2;9541106186;B
20240206;100007;592.600000000;1;9541106187;B
20240206;100007;592.600000000;1;9541106188;B
20240206;100007;592.600000000;1;9541106189;B
20240206;100007;592.600000000;1;9541106190;B
20240206;100007;592.600000000;8;9541106357;B
20240206;100007;592.600000000;1;9541106427;B
20240206;100007;592.600000000;2;9541106428;B
20240206;100007;592.600000000;2;9541106429;B
20240206;100007;592.600000000;1;9541106430;B
20240206;100007;592.550000000;2;9541106431;S
20240206;100007;592.600000000;1;9541106432;B
20240206;100007;592.600000000;2;9541106433;B
20240206;100007;592.600000000;1;9541106434;B
20240206;100007;592.550000000;418;9541106487;S
20240206;100007;592.550000000;82;9541106488;S
20240206;100008;592.600000000;50;9541106514;B
20240206;100008;592.550000000;39;9541106584;S
20240206;100008;592.600000000;15;9541106729;B
20240206;100008;592.600000000;1;9541106731;B
20240206;100008;592.600000000;5;9541106732;B
20240206;100008;592.550000000;1;9541106733;S
20240206;100008;592.550000000;1;9541106734;S
20240206;100008;592.600000000;120;9541106822;B
20240206;100009;592.600000000;10;9541106913;B
20240206;100009;592.550000000;10;9541107003;S
20240206;100010;592.550000000;1;9541107100;S
20240206;100010;592.550000000;13;9541107101;S
20240206;100010;592.600000000;1000;9541107276;B
20240206;100010;592.600000000;23;9541107303;B
20240206;100010;592.550000000;1;9541107430;S
20240206;100011;592.600000000;114;9541107432;B
20240206;100011;592.550000000;100;9541107453;S
20240206;100011;592.600000000;1;9541107455;B
20240206;100011;592.600000000;250;9541107582;B
20240206;100012;592.550000000;10;9541107953;S
20240206;100012;592.550000000;100;9541107954;S
20240206;100013;592.600000000;1;9541108116;B
20240206;100013;592.550000000;52;9541108173;S
20240206;100013;592.600000000;844;9541108319;B
20240206;100014;592.550000000;13;9541108525;S
20240206;100015;592.600000000;40;9541108600;B
20240206;100015;592.550000000;79;9541108645;S
20240206;100015;592.600000000;5558;9541108646;B
20240206;100015;592.600000000;3;9541108656;B
20240206;100015;592.550000000;40;9541108673;S
20240206;100015;592.600000000;3;9541108682;B
20240206;100015;592.600000000;3;9541108717;B
20240206;100015;592.600000000;2078;9541108749;B
20240206;100015;592.650000000;126;9541108750;B
20240206;100015;592.750000000;10;9541108751;B
20240206;100015;592.750000000;389;9541108752;B
20240206;100015;592.900000000;20;9541108753;B
20240206;100015;592.950000000;13;9541108755;B
20240206;100015;592.950000000;1;9541108756;B
20240206;100015;592.900000000;336;9541108758;S
20240206;100015;593.000000000;1;9541108761;B
20240206;100015;593.000000000;50;9541108762;B
20240206;100015;593.000000000;4;9541108763;B
20240206;100015;593.000000000;18;9541108764;B
20240206;100015;593.000000000;2;9541108765;B
20240206;100015;593.000000000;5;9541108766;B
20240206;100015;593.000000000;1;9541108767;B
20240206;100015;593.000000000;2;9541108768;B
20240206;100015;593.000000000;1;9541108769;B
20240206;100015;593.000000000;2;9541108770;B
20240206;100015;593.000000000;2;9541108771;B
20240206;100015;593.000000000;4;9541108772;B
20240206;100015;593.000000000;20;9541108773;B
20240206;100015;593.000000000;88;9541108774;B
20240206;100015;593.000000000;10;9541108782;B
20240206;100015;593.000000000;2;9541108783;B
20240206;100015;593.000000000;38;9541108784;B
20240206;100016;593.000000000;32;9541108804;B
20240206;100016;593.000000000;20;9541108805;B
20240206;100016;593.000000000;1;9541108806;B
20240206;100016;593.000000000;1;9541108807;B
20240206;100016;593.000000000;40;9541108808;B
20240206;100016;593.000000000;1;9541108809;B
20240206;100016;593.000000000;20;9541108810;B
20240206;100016;593.000000000;27;9541108811;B
20240206;100016;593.000000000;1;9541108812;B
20240206;100016;593.000000000;1;9541108813;B
20240206;100016;593.000000000;106;9541108814;B
20240206;100016;593.000000000;44;9541108896;B
20240206;100016;593.000000000;5;9541108897;B
20240206;100016;593.000000000;7;9541108898;B
20240206;100016;593.000000000;2;9541108899;B
20240206;100016;593.000000000;5;9541108900;B
20240206;100016;593.000000000;1;9541108901;B
20240206;100016;593.000000000;1;9541108902;B
20240206;100016;593.000000000;32;9541108903;B
20240206;100016;593.000000000;1;9541108904;B
20240206;100016;593.000000000;1;9541108905;B
20240206;100016;593.000000000;1;9541108906;B
20240206;100016;593.000000000;240;9541108907;B
20240206;100016;593.050000000;66;9541108908;B
20240206;100016;593.050000000;40;9541108941;B
20240206;100016;593.050000000;200;9541108942;B
20240206;100016;593.050000000;10;9541108988;B
20240206;100016;592.950000000;2;9541108998;S
20240206;100016;592.900000000;1;9541108999;S
20240206;100016;593.050000000;225;9541109028;B
20240206;100017;593.050000000;10;9541109162;B
20240206;100017;593.050000000;800;9541109169;B
20240206;100017;593.000000000;1;9541109198;S
20240206;100017;593.050000000;10;9541109237;B
20240206;100017;593.000000000;9;9541109272;S
20240206;100017;592.900000000;4;9541109273;S
20240206;100017;593.050000000;100;9541109395;B
20240206;100017;593.050000000;900;9541109431;B
20240206;100017;593.100000000;103;9541109509;B
20240206;100017;593.100000000;1;9541109510;B
20240206;100018;593.150000000;1;9541109658;B
20240206;100018;593.200000000;1;9541109659;B
20240206;100018;593.200000000;1;9541109675;B
20240206;100018;593.200000000;1;9541109676;B
20240206;100018;593.200000000;2;9541109677;B
20240206;100018;593.200000000;1;9541109683;B
20240206;100018;593.200000000;27;9541109729;B
20240206;100018;593.250000000;1;9541109730;B
20240206;100018;593.250000000;1;9541109731;B
20240206;100018;593.300000000;2;9541109732;B
20240206;100018;593.300000000;1;9541109733;B
20240206;100018;593.300000000;68;9541109734;S
20240206;100018;593.100000000;32;9541109735;S
20240206;100018;593.300000000;13;9541109805;S
20240206;100018;593.350000000;1;9541109850;B
20240206;100018;593.350000000;1;9541109851;B
20240206;100018;593.400000000;3;9541109852;B
20240206;100019;593.400000000;7;9541109861;B
20240206;100019;593.400000000;1;9541109862;B
20240206;100019;593.400000000;1;9541109863;B
20240206;100019;593.400000000;2;9541109864;B
20240206;100019;593.400000000;2;9541109865;B
20240206;100019;593.400000000;20;9541109866;B
20240206;100019;593.400000000;1;9541109867;B
20240206;100019;593.400000000;12;9541109868;B
20240206;100019;593.400000000;204;9541109869;B
20240206;100019;593.400000000;372;9541109885;B
20240206;100019;593.450000000;127;9541109886;B
20240206;100019;593.450000000;1;9541109887;B
20240206;100019;593.450000000;1;9541109888;B
20240206;100019;593.450000000;4;9541109889;B
20240206;100019;593.450000000;2;9541109890;B
20240206;100019;593.450000000;134;9541109891;B
20240206;100019;593.500000000;1;9541109892;B
20240206;100019;593.500000000;4;9541109893;B
20240206;100019;593.500000000;50;9541109894;B
20240206;100019;593.500000000;1;9541109895;B
20240206;100019;593.500000000;10;9541109896;B
20240206;100019;593.500000000;3;9541109897;B
20240206;100019;593.500000000;15;9541109898;B
20240206;100019;593.500000000;5;9541109899;B
20240206;100019;593.500000000;2;9541109900;B
20240206;100019;593.500000000;134;9541109901;B
20240206;100019;593.550000000;1;9541109902;B
20240206;100019;593.550000000;1;9541109903;B
20240206;100019;593.550000000;2;9541109904;B
20240206;100019;593.550000000;421;9541109905;B
20240206;100019;593.550000000;134;9541109906;B
20240206;100019;593.600000000;1;9541109907;B
20240206;100019;593.600000000;15;9541109908;B
20240206;100019;593.600000000;2;9541109909;B
20240206;100019;593.650000000;22;9541109910;B
20240206;100019;593.650000000;5;9541109911;B
20240206;100019;593.650000000;2;9541109912;B
20240206;100019;593.650000000;7;9541109913;B
20240206;100019;593.650000000;2;9541109914;B
20240206;100019;593.650000000;19;9541109915;B
20240206;100019;593.300000000;253;9541109916;S
20240206;100019;593.350000000;5;9541109957;S
20240206;100019;593.550000000;507;9541109974;B
20240206;100019;593.600000000;272;9541109975;B
20240206;100019;593.600000000;4;9541109976;B
20240206;100019;593.600000000;33;9541109977;B
20240206;100019;593.650000000;384;9541109978;B
20240206;100019;593.350000000;1;9541109984;S
20240206;100019;593.550000000;50;9541109995;S
20240206;100019;593.400000000;10;9541109996;S
20240206;100019;593.350000000;194;9541109997;S
20240206;100019;593.300000000;21;9541110064;S
20240206;100019;593.350000000;106;9541110087;B
20240206;100019;593.400000000;240;9541110088;B
20240206;100019;593.650000000;355;9541110089;B
20240206;100019;593.300000000;4;9541110121;S
20240206;100019;593.300000000;1;9541110122;S
20240206;100019;593.300000000;74;9541110139;S
20240206;100019;593.250000000;176;9541110140;S
20240206;100020;593.650000000;2;9541110160;B
20240206;100020;593.550000000;5;9541110198;S
20240206;100020;593.550000000;13;9541110208;S
20240206;100020;593.450000000;2;9541110223;S
20240206;100020;593.550000000;2;9541110301;B
20240206;100021;593.450000000;1;9541110310;S
20240206;100021;593.550000000;85;9541110314;B
20240206;100021;593.650000000;9;9541110315;B
20240206;100021;593.650000000;10;9541110316;B
20240206;100021;593.650000000;10;9541110317;B
20240206;100021;593.650000000;1;9541110318;B
20240206;100021;593.650000000;5;9541110319;B
20240206;100021;593.650000000;22;9541110320;B
20240206;100021;593.650000000;54;9541110321;B
20240206;100021;593.650000000;204;9541110322;B
20240206;100021;593.650000000;1;9541110383;B
20240206;100021;593.450000000;1;9541110399;S
20240206;100021;593.650000000;6;9541110441;B
20240206;100021;593.650000000;1;9541110447;B
20240206;100021;593.700000000;1;9541110448;B
20240206;100021;593.700000000;1;9541110449;B
20240206;100021;593.700000000;2;9541110450;B
20240206;100021;593.500000000;1;9541110457;S
20240206;100022;593.600000000;1;9541110498;B
20240206;100022;593.700000000;998;9541110499;B
20240206;100022;593.700000000;100;9541110500;B
20240206;100022;593.500000000;1;9541110509;S
20240206;100022;593.500000000;1;9541110561;S
20240206;100022;593.550000000;40;9541110575;S
20240206;100022;593.550000000;170;9541110606;B
20240206;100022;593.550000000;5;9541110613;B
20240206;100022;593.500000000;1;9541110625;S
20240206;100022;593.550000000;1;9541110712;B
20240206;100023;593.550000000;46;9541110721;B
20240206;100023;593.500000000;1;9541110728;S
20240206;100023;593.450000000;3;9541110738;S
20240206;100023;593.450000000;18;9541110745;S
20240206;100023;593.450000000;5;9541110761;S
20240206;100023;593.500000000;1;9541110873;S
20240206;100024;593.500000000;4;9541110986;S
20240206;100024;593.500000000;25;9541110987;S
20240206;100024;593.550000000;8;9541111020;B
20240206;100024;593.550000000;1;9541111071;B
20240206;100024;593.500000000;10;9541111109;S
20240206;100025;593.550000000;29;9541111209;B
20240206;100025;593.550000000;100;9541111210;B
20240206;100025;593.550000000;51;9541111211;B
20240206;100025;593.500000000;1;9541111212;S
20240206;100025;593.550000000;400;9541111246;B
20240206;100025;593.550000000;100;9541111330;B
20240206;100025;593.550000000;4;9541111331;B
20240206;100025;593.550000000;43;9541111336;B
20240206;100026;593.550000000;1;9541111566;B
20240206;100026;593.550000000;2;9541111610;B
20240206;100027;593.550000000;5;9541111707;B
20240206;100027;593.550000000;163;9541111730;B
20240206;100027;593.550000000;1;9541111808;B
20240206;100027;593.550000000;1;9541111816;B
20240206;100028;593.550000000;3;9541111871;B
20240206;100028;593.500000000;1;9541112004;S
20240206;100029;593.550000000;226;9541112265;B
20240206;100029;593.550000000;1;9541112266;B
20240206;100029;593.550000000;1;9541112267;B
20240206;100029;593.550000000;421;9541112268;B
20240206;100029;593.600000000;4;9541112269;B
20240206;100029;593.650000000;3;9541112270;B
20240206;100029;593.650000000;1;9541112271;B
20240206;100029;593.700000000;93;9541112272;B
20240206;100030;593.550000000;1;9541112400;B
20240206;100030;593.550000000;24;9541112401;B
20240206;100030;593.600000000;6;9541112402;B
20240206;100031;593.500000000;2;9541112741;S
20240206;100031;593.600000000;194;9541112748;B
20240206;100031;593.700000000;2;9541112749;B
20240206;100031;593.700000000;36;9541112777;B
20240206;100031;593.700000000;1;9541112786;B
20240206;100031;593.550000000;2;9541112863;S
20240206;100032;593.550000000;1;9541113046;S
20240206;100032;593.600000000;1;9541113060;B
20240206;100032;593.650000000;4;9541113061;B
20240206;100032;593.550000000;121;9541113103;S
20240206;100033;593.550000000;24;9541113134;B
20240206;100033;593.550000000;200;9541113188;B
20240206;100033;593.550000000;150;9541113285;B
20240206;100033;593.550000000;1;9541113304;B
20240206;100034;593.550000000;1;9541113399;B
20240206;100034;593.550000000;100;9541113406;B
20240206;100034;593.500000000;5;9541113477;S
20240206;100034;593.550000000;5;9541113486;B
20240206;100035;593.500000000;1;9541113593;S
20240206;100035;593.550000000;14;9541113683;B
20240206;100036;593.500000000;4;9541114099;S
20240206;100036;593.550000000;20;9541114360;B
20240206;100036;593.550000000;12;9541114600;B
20240206;100037;593.550000000;2;9541114631;B
20240206;100037;593.500000000;5;9541114636;S
20240206;100037;593.500000000;9;9541114638;S
20240206;100038;593.550000000;50;9541115086;B
20240206;100038;593.500000000;25;9541115189;S
20240206;100038;593.500000000;1;9541115199;S
20240206;100039;593.500000000;1;9541115382;S
20240206;100039;593.550000000;49;9541115448;B
20240206;100040;593.550000000;85;9541115548;B
20240206;100040;593.550000000;2;9541115664;B
20240206;100041;593.500000000;27;9541115878;S
20240206;100041;593.500000000;6;9541115879;S
20240206;100041;593.500000000;250;9541115880;S
20240206;100041;593.500000000;5;9541115881;S
20240206;100041;593.500000000;30;9541115882;S
20240206;100041;593.500000000;2;9541115883;S
20240206;100041;593.500000000;1;9541115884;S
20240206;100041;593.500000000;100;9541115885;S
20240206;100041;593.500000000;1;9541115886;S
20240206;100041;593.500000000;1;9541115887;S
20240206;100041;593.500000000;51;9541115888;S
20240206;100041;593.400000000;5;9541115889;S
20240206;100041;593.400000000;121;9541115890;B
20240206;100041;593.550000000;30;9541115899;B
20240206;100042;593.500000000;170;9541116008;B
20240206;100042;593.500000000;1;9541116028;B
20240206;100042;593.500000000;5;9541116165;B
20240206;100043;593.500000000;40;9541116193;B
20240206;100044;593.500000000;1;9541116416;B
20240206;100045;593.500000000;50;9541116710;B
20240206;100045;593.500000000;154;9541116734;B
20240206;100045;593.500000000;35;9541116735;B
20240206;100045;593.500000000;100;9541116736;B
20240206;100045;593.500000000;507;9541116737;B
20240206;100045;593.550000000;4;9541116738;B
20240206;100045;593.300000000;2;9541116745;S
20240206;100045;593.200000000;1;9541116746;S
20240206;100046;593.300000000;42;9541116925;B
20240206;100046;593.300000000;4;9541116998;B
20240206;100046;593.200000000;3;9541117030;S
20240206;100047;593.300000000;1;9541117340;B
20240206;100047;593.300000000;53;9541117360;B
20240206;100047;593.400000000;100;9541117361;B
20240206;100047;593.500000000;100;9541117362;B
20240206;100047;593.550000000;130;9541117363;B
20240206;100047;593.550000000;117;9541117364;B
20240206;100047;593.200000000;100;9541117387;S
20240206;100048;593.550000000;50;9541117730;B
20240206;100051;593.550000000;533;9541118382;B
20240206;100051;593.550000000;1;9541118383;B
20240206;100051;593.600000000;466;9541118384;B
20240206;100051;593.600000000;2;9541118491;B
20240206;100052;593.500000000;1;9541118661;B
20240206;100052;593.500000000;9;9541118662;B
20240206;100053;593.550000000;5;9541118727;B
20240206;100053;593.600000000;1;9541118860;B
20240206;100054;593.250000000;14;9541119071;S
20240206;100055;593.550000000;1;9541119105;S
20240206;100055;593.500000000;1;9541119229;B
20240206;100055;593.500000000;420;9541119250;B
20240206;100055;593.550000000;49;9541119251;B
20240206;100055;593.600000000;10;9541119271;B
20240206;100055;593.600000000;190;9541119272;B
20240206;100056;593.600000000;1;9541119319;B
20240206;100056;593.550000000;5;9541119320;S
20240206;100056;593.600000000;230;9541119356;B
20240206;100056;593.650000000;1;9541119357;B
20240206;100056;593.650000000;200;9541119358;B
20240206;100056;593.650000000;50;9541119359;B
20240206;100056;593.650000000;134;9541119360;B
20240206;100056;593.700000000;768;9541119361;B
20240206;100056;593.700000000;2;9541119362;B
20240206;100056;593.700000000;2;9541119363;B
20240206;100056;593.700000000;1;9541119364;B
20240206;100056;593.700000000;1;9541119365;B
20240206;100056;593.700000000;10;9541119366;B
20240206;100056;593.700000000;134;9541119367;B
20240206;100056;593.700000000;20;9541119368;B
20240206;100056;593.750000000;2147;9541119369;B
20240206;100056;593.750000000;1;9541119428;B
20240206;100056;593.750000000;1;9541119439;B
20240206;100057;593.750000000;1;9541119527;B
20240206;100057;593.750000000;6;9541119596;B
20240206;100057;593.750000000;900;9541119605;B
20240206;100057;593.750000000;7;9541119654;B
20240206;100058;593.700000000;100;9541119754;B
20240206;100058;593.650000000;5;9541119872;S
20240206;100058;593.600000000;15;9541119873;S
20240206;100059;593.700000000;156;9541120002;B
20240206;100059;593.700000000;180;9541120023;B
20240206;100100;593.600000000;185;9541120058;S
20240206;100100;593.600000000;10;9541120059;S
20240206;100100;593.550000000;26;9541120060;S
20240206;100100;593.550000000;200;9541120061;S
20240206;100100;593.550000000;10;9541120062;S
20240206;100100;593.500000000;168;9541120063;S
20240206;100100;593.450000000;36;9541120064;S
20240206;100100;593.400000000;507;9541120065;S
20240206;100100;593.400000000;2;9541120066;S
20240206;100100;593.350000000;200;9541120067;S
20240206;100100;593.350000000;134;9541120068;S
20240206;100100;593.300000000;5;9541120069;S
20240206;100100;593.300000000;134;9541120070;S
20240206;100100;593.300000000;383;9541120071;S
20240206;100100;593.300000000;2;9541120078;S
20240206;100100;593.300000000;10;9541120089;S
20240206;100100;593.300000000;2;9541120096;S
20240206;100100;593.300000000;493;9541120111;S
20240206;100100;593.300000000;7;9541120112;S
20240206;100100;593.650000000;20;9541120119;B
20240206;100100;593.300000000;2;9541120207;S
20240206;100100;593.250000000;2;9541120213;S
20240206;100100;593.250000000;27;9541120264;S
20240206;100100;593.250000000;87;9541120325;S
20240206;100100;593.250000000;9;9541120350;S
20240206;100100;593.250000000;78;9541120382;S
20240206;100100;593.250000000;47;9541120404;S
20240206;100100;593.250000000;40;9541120405;S
20240206;100101;593.400000000;37;9541120497;B
20240206;100101;593.250000000;10;9541120536;S
20240206;100101;593.200000000;29;9541120537;S
20240206;100102;593.300000000;1;9541120738;S
20240206;100102;593.200000000;4;9541120739;S
20240206;100102;593.200000000;1;9541120798;S
20240206;100104;593.200000000;66;9541121121;S
20240206;100104;593.150000000;50;9541121122;S
20240206;100104;593.100000000;10;9541121123;S
20240206;100104;593.100000000;163;9541121124;S
20240206;100104;593.050000000;421;9541121125;S
20240206;100104;593.000000000;13;9541121126;S
20240206;100104;593.000000000;1;9541121127;S
20240206;100104;593.000000000;76;9541121128;S
20240206;100104;593.300000000;507;9541121186;B
20240206;100104;593.300000000;162;9541121187;B
20240206;100104;593.350000000;5;9541121188;B
20240206;100104;593.350000000;100;9541121189;B
20240206;100104;593.350000000;2;9541121236;S
20240206;100104;593.350000000;124;9541121237;S
20240206;100104;593.400000000;100;9541121252;B
20240206;100106;593.300000000;1;9541121462;B
20240206;100106;593.100000000;3;9541121477;S
20240206;100106;593.050000000;2;9541121478;S
20240206;100107;593.200000000;2;9541121552;B
20240206;100107;593.050000000;10;9541121592;S
20240206;100107;593.050000000;80;9541121654;S
20240206;100107;593.200000000;168;9541121662;B
20240206;100107;593.300000000;132;9541121663;B
20240206;100108;593.300000000;17;9541121747;B
20240206;100109;593.200000000;1;9541121928;B
20240206;100109;593.300000000;61;9541121929;B
20240206;100109;593.300000000;4;9541122026;B
20240206;100113;593.100000000;1;9541122726;S
20240206;100114;593.250000000;1;9541122791;B
20240206;100114;593.250000000;1;9541122821;B
20240206;100114;593.250000000;100;9541122823;B
20240206;100114;593.250000000;20;9541122877;B
20240206;100115;593.250000000;1;9541122934;B
20240206;100115;593.250000000;11;9541122935;B
20240206;100115;593.300000000;49;9541122936;B
20240206;100115;593.250000000;36;9541122969;B
20240206;100115;593.250000000;1;9541122989;B
20240206;100116;593.150000000;2;9541123184;S
20240206;100116;593.150000000;184;9541123335;S
20240206;100117;593.250000000;9;9541123486;B
20240206;100117;593.300000000;85;9541123487;B
20240206;100117;593.300000000;49;9541123488;B
20240206;100117;593.300000000;1;9541123489;B
20240206;100117;593.350000000;106;9541123490;B
20240206;100119;593.250000000;1;9541124003;B
20240206;100120;593.250000000;200;9541124176;B
20240206;100121;593.400000000;4;9541124422;B
20240206;100122;593.400000000;10;9541124561;B
20240206;100123;593.200000000;1;9541124682;S
20240206;100123;593.150000000;2;9541124683;S
20240206;100123;593.400000000;1;9541124746;B
20240206;100124;593.200000000;4;9541124965;S
20240206;100126;593.250000000;1;9541125474;B
20240206;100128;593.200000000;100;9541125736;S
20240206;100128;593.200000000;1;9541125737;S
20240206;100128;593.250000000;4;9541125877;B
20240206;100129;593.150000000;25;9541126000;S
20240206;100130;593.150000000;10;9541126214;S
20240206;100130;593.200000000;50;9541126260;B
20240206;100130;593.200000000;135;9541126273;B
20240206;100131;593.250000000;9;9541126437;B
20240206;100131;593.350000000;50;9541126438;B
20240206;100131;593.350000000;106;9541126439;B
20240206;100131;593.350000000;2;9541126485;B
20240206;100132;593.200000000;116;9541126619;B
20240206;100132;593.350000000;26;9541126620;B
20240206;100132;593.350000000;1;9541126737;S
20240206;100132;593.350000000;2;9541126820;S
20240206;100133;593.350000000;2;9541127087;S
20240206;100134;593.350000000;3;9541127170;S
20240206;100134;593.250000000;5;9541127171;S
20240206;100134;593.250000000;3;9541127172;S
20240206;100134;593.200000000;50;9541127173;S
20240206;100134;593.200000000;14;9541127319;B
20240206;100134;593.200000000;25;9541127368;B
20240206;100135;593.200000000;1;9541127387;S
20240206;100135;593.150000000;31;9541127388;S
20240206;100135;593.150000000;21;9541127389;S
20240206;100135;593.350000000;1;9541127490;B
20240206;100137;593.250000000;13;9541127689;B
20240206;100137;593.250000000;1;9541127786;B
20240206;100138;593.200000000;100;9541128059;S
20240206;100139;593.250000000;2;9541128173;B
20240206;100139;593.250000000;5;9541128235;B
20240206;100139;593.250000000;2;9541128253;B
20240206;100140;593.200000000;7;9541128351;S
20240206;100140;593.250000000;1;9541128377;B
20240206;100140;593.250000000;62;9541128401;B
20240206;100141;593.250000000;14;9541128444;B
20240206;100141;593.250000000;86;9541128445;B
20240206;100143;593.250000000;7;9541128778;B
20240206;100144;593.250000000;7;9541128822;B
20240206;100144;593.300000000;13;9541128823;B
20240206;100144;593.250000000;5;9541128919;S
20240206;100145;593.300000000;10;9541129012;B
20240206;100146;593.300000000;52;9541129205;B
20240206;100148;593.300000000;9;9541129458;B
20240206;100148;593.300000000;16;9541129478;B
20240206;100148;593.300000000;35;9541129479;B
20240206;100148;593.350000000;5;9541129480;B
20240206;100148;593.350000000;27;9541129481;B
20240206;100149;593.350000000;1;9541129619;B
20240206;100150;593.300000000;10;9541129720;S
20240206;100150;593.350000000;10;9541129721;B
20240206;100150;593.300000000;2;9541129736;S
20240206;100152;593.350000000;5;9541129958;B
20240206;100152;593.350000000;2;9541129963;B
20240206;100152;593.300000000;4;9541130077;S
20240206;100155;593.350000000;2;9541130443;B
20240206;100155;593.300000000;5;9541130459;S
20240206;100156;593.350000000;3;9541130637;B
20240206;100156;593.350000000;1;9541130638;B
20240206;100156;593.350000000;171;9541130639;B
20240206;100157;593.300000000;1;9541130719;S
20240206;100157;593.350000000;28;9541130755;B
20240206;100157;593.350000000;3;9541130794;S
20240206;100157;593.400000000;1;9541130796;B
20240206;100157;593.400000000;10;9541130809;B
20240206;100157;593.350000000;2;9541130818;S
20240206;100158;593.350000000;7;9541130850;S
20240206;100158;593.300000000;3;9541130851;S
20240206;100158;593.400000000;1;9541130987;B
20240206;100158;593.350000000;1;9541131041;S
20240206;100158;593.350000000;1;9541131042;S
20240206;100158;593.300000000;33;9541131043;S
20240206;100159;593.300000000;260;9541131130;S
20240206;100200;593.300000000;1;9541131284;S
20240206;100200;593.350000000;2;9541131296;B
20240206;100200;593.350000000;2;9541131303;B
20240206;100200;593.350000000;2;9541131305;B
20240206;100200;593.350000000;1;9541131324;B
20240206;100201;593.300000000;1;9541131509;S
20240206;100202;593.300000000;3;9541131556;S
20240206;100205;593.300000000;5;9541131973;S
20240206;100205;593.300000000;45;9541131974;S
20240206;100205;593.350000000;1;9541132051;B
20240206;100205;593.350000000;29;9541132052;B
20240206;100206;593.300000000;5;9541132193;S
20240206;100206;593.300000000;1;9541132194;S
20240206;100207;593.300000000;9;9541132345;S
20240206;100207;593.300000000;4;9541132346;S
20240206;100207;593.300000000;1;9541132381;S
20240206;100207;593.300000000;1;9541132382;S
20240206;100208;593.300000000;4;9541132489;S
20240206;100208;593.300000000;10;9541132490;S
20240206;100208;593.300000000;10;9541132491;S
20240206;100208;593.300000000;4;9541132492;S
20240206;100208;593.300000000;130;9541132493;S
20240206;100208;593.350000000;2;9541132556;B
20240206;100208;593.350000000;2;9541132557;B
20240206;100210;593.350000000;3;9541132780;B
20240206;100211;593.350000000;3;9541132873;B
20240206;100211;593.350000000;3;9541132907;B
20240206;100211;593.300000000;5;9541132949;S
20240206;100212;593.300000000;1;9541133010;S
20240206;100212;593.300000000;3;9541133042;S
20240206;100213;593.350000000;2;9541133099;B
20240206;100213;593.350000000;2;9541133136;B
20240206;100213;593.350000000;7;9541133145;B
20240206;100213;593.350000000;13;9541133146;B
20240206;100214;593.350000000;3;9541133212;B
20240206;100214;593.350000000;2;9541133213;B
20240206;100214;593.350000000;1;9541133267;B
20240206;100214;593.350000000;1;9541133284;B
20240206;100214;593.300000000;1;9541133294;S
20240206;100215;593.350000000;3;9541133307;B
20240206;100215;593.350000000;200;9541133308;B
20240206;100215;593.350000000;297;9541133309;B
20240206;100215;593.350000000;1;9541133316;B
20240206;100215;593.350000000;99;9541133317;B
20240206;100215;593.300000000;2;9541133323;S
20240206;100215;593.350000000;18;9541133390;B
20240206;100215;593.350000000;82;9541133391;B
20240206;100215;593.350000000;1;9541133406;B
20240206;100216;593.300000000;35;9541133453;S
20240206;100216;593.300000000;1;9541133454;S
20240206;100216;593.300000000;10;9541133455;S
20240206;100216;593.300000000;19;9541133456;S
20240206;100216;593.300000000;200;9541133457;S
20240206;100216;593.300000000;84;9541133458;S
20240206;100216;593.300000000;2;9541133459;S
20240206;100216;593.300000000;49;9541133460;S
20240206;100216;593.350000000;15;9541133494;B
20240206;100216;593.350000000;10;9541133522;B
20240206;100217;593.350000000;1;9541133672;B
20240206;100217;593.300000000;20;9541133693;S
20240206;100217;593.350000000;1;9541133750;B
20240206;100219;593.350000000;2;9541133889;B
20240206;100219;593.300000000;4;9541133985;S
20240206;100220;593.350000000;4;9541134049;B
20240206;100220;593.350000000;20;9541134050;B
20240206;100220;593.350000000;1;9541134076;B
20240206;100220;593.350000000;3;9541134081;B
20240206;100223;593.350000000;25;9541134605;B
20240206;100224;593.350000000;77;9541134787;B
20240206;100224;593.350000000;1;9541134788;B
20240206;100224;593.350000000;22;9541134789;B
20240206;100224;593.350000000;1;9541134802;B
20240206;100225;593.300000000;13;9541134875;S
20240206;100225;593.300000000;1;9541134903;S
20240206;100226;593.300000000;5;9541135150;S
20240206;100227;593.350000000;57;9541135163;B
20240206;100227;593.300000000;26;9541135177;S
20240206;100227;593.350000000;100;9541135218;B
20240206;100228;593.350000000;1;9541135359;B
20240206;100228;593.300000000;12;9541135498;S
20240206;100229;593.350000000;4;9541135606;B
20240206;100230;593.300000000;14;9541135810;S
20240206;100232;593.350000000;1;9541136128;B
20240206;100232;593.300000000;74;9541136173;S
20240206;100232;593.300000000;1;9541136174;S
20240206;100232;593.300000000;135;9541136175;S
20240206;100233;593.350000000;2;9541136283;B
20240206;100235;593.350000000;2;9541136503;B
20240206;100235;593.300000000;1;9541136605;S
20240206;100235;593.300000000;26;9541136689;S
20240206;100235;593.300000000;2;9541136719;S
20240206;100236;593.300000000;4;9541136731;S
20240206;100236;593.300000000;13;9541136750;S
20240206;100236;593.350000000;1;9541136752;B
20240206;100236;593.350000000;1;9541136842;B
20240206;100237;593.350000000;14;9541136907;B
20240206;100237;593.350000000;1;9541137000;B
20240206;100237;593.300000000;3;9541137008;S
20240206;100238;593.350000000;100;9541137079;B
20240206;100239;593.350000000;10;9541137183;B
20240206;100239;593.350000000;3;9541137257;B
20240206;100240;593.300000000;20;9541137274;S
20240206;100240;593.350000000;3;9541137360;B
20240206;100241;593.300000000;2;9541137531;S
20240206;100241;593.350000000;1;9541137549;B
20240206;100241;593.350000000;1;9541137558;B
20240206;100241;593.300000000;10;9541137584;S
20240206;100242;593.350000000;425;9541137684;B
20240206;100242;593.350000000;45;9541137685;B
20240206;100242;593.350000000;150;9541137686;B
20240206;100242;593.350000000;2;9541137687;B
20240206;100242;593.350000000;323;9541137688;B
20240206;100242;593.350000000;1;9541137689;B
20240206;100242;593.350000000;15;9541137690;B
20240206;100242;593.350000000;39;9541137691;B
20240206;100242;593.400000000;2;9541137725;B
20240206;100243;593.400000000;6;9541137864;B
20240206;100243;593.400000000;3;9541137865;B
20240206;100243;593.400000000;23;9541137866;B
20240206;100243;593.300000000;1;9541137872;S
20240206;100245;593.350000000;7;9541138212;S
20240206;100245;593.400000000;3;9541138287;B
20240206;100245;593.400000000;4;9541138347;B
20240206;100246;593.350000000;14;9541138406;S
20240206;100246;593.400000000;100;9541138428;B
20240206;100246;593.400000000;50;9541138465;B
20240206;100246;593.400000000;86;9541138479;B
20240206;100247;593.400000000;10;9541138597;B
20240206;100247;593.400000000;1;9541138637;B
20240206;100248;593.350000000;1;9541138784;S
20240206;100249;593.400000000;15;9541138846;B
20240206;100249;593.400000000;128;9541138934;B
20240206;100249;593.400000000;2;9541138935;B
20240206;100249;593.400000000;9;9541138936;B
20240206;100249;593.400000000;1;9541138937;B
20240206;100249;593.400000000;193;9541138938;B
20240206;100249;593.400000000;1;9541138944;B
20240206;100250;593.350000000;15;9541139032;S
20240206;100251;593.400000000;10;9541139141;B
20240206;100251;593.400000000;500;9541139162;B
20240206;100251;593.350000000;1;9541139165;S
20240206;100252;593.350000000;100;9541139198;S
20240206;100252;593.400000000;84;9541139259;B
20240206;100252;593.400000000;30;9541139266;B
20240206;100253;593.400000000;1;9541139402;B
20240206;100253;593.350000000;1;9541139415;S
20240206;100254;593.350000000;2;9541139564;S
20240206;100255;593.400000000;1000;9541139621;B
20240206;100255;593.400000000;1;9541139622;B
20240206;100255;593.400000000;1;9541139665;B
20240206;100255;593.400000000;26;9541139677;B
20240206;100256;593.400000000;3;9541139763;B
20240206;100256;593.350000000;1;9541139799;S
20240206;100257;593.350000000;5;9541140047;S
20240206;100257;593.400000000;2;9541140048;B
20240206;100258;593.400000000;2;9541140070;B
20240206;100258;593.350000000;360;9541140234;S
20240206;100258;593.350000000;54;9541140235;S
20240206;100258;593.350000000;129;9541140264;S
20240206;100258;593.350000000;285;9541140265;S
20240206;100259;593.400000000;315;9541140449;B
20240206;100300;593.350000000;35;9541140613;S
20240206;100300;593.350000000;57;9541140647;S
20240206;100300;593.300000000;8;9541140648;S
20240206;100300;593.300000000;1;9541140649;S
20240206;100300;593.300000000;34;9541140650;S
20240206;100300;593.350000000;1;9541140708;B
20240206;100301;593.400000000;50;9541140759;B
20240206;100301;593.400000000;2;9541140834;B
20240206;100302;593.400000000;18;9541140866;B
20240206;100305;593.400000000;150;9541141319;B
20240206;100306;593.400000000;100;9541141337;B
20240206;100307;593.400000000;200;9541141898;B
20240206;100307;593.400000000;1;9541141951;B
20240206;100307;593.350000000;1;9541141958;S
20240206;100308;593.400000000;200;9541142128;B
20240206;100309;593.400000000;84;9541142171;B
20240206;100309;593.400000000;50;9541142175;B
20240206;100309;593.400000000;30;9541142179;B
20240206;100309;593.400000000;34;9541142207;B
20240206;100309;593.400000000;1351;9541142282;B
20240206;100309;593.400000000;183;9541142283;B
20240206;100309;593.400000000;200;9541142284;B
20240206;100309;593.400000000;300;9541142285;B
20240206;100309;593.400000000;200;9541142286;B
20240206;100309;593.400000000;100;9541142287;B
20240206;100309;593.450000000;1;9541142288;B
20240206;100309;593.450000000;100;9541142289;B
20240206;100310;593.450000000;90;9541142333;S
20240206;100310;593.500000000;3;9541142400;B
20240206;100310;593.500000000;12;9541142403;B
20240206;100310;593.500000000;238;9541142404;B
20240206;100310;593.500000000;4;9541142438;B
20240206;100311;593.450000000;130;9541142464;S
20240206;100312;593.500000000;200;9541142569;B
20240206;100312;593.450000000;100;9541142591;S
20240206;100312;593.500000000;118;9541142597;B
20240206;100312;593.500000000;1;9541142606;B
20240206;100312;593.450000000;1;9541142655;S
20240206;100313;593.500000000;42;9541142676;B
20240206;100313;593.500000000;20;9541142695;B
20240206;100313;593.500000000;18;9541142728;B
20240206;100314;593.450000000;1000;9541142827;S
20240206;100315;593.500000000;70;9541142924;B
20240206;100316;593.500000000;10;9541143064;B
20240206;100317;593.500000000;1;9541143143;B
20240206;100317;593.450000000;6;9541143151;S
20240206;100317;593.500000000;40;9541143192;B
20240206;100317;593.500000000;9;9541143210;B
20240206;100318;593.500000000;7;9541143277;B
20240206;100318;593.450000000;10;9541143301;S
20240206;100318;593.450000000;100;9541143302;S
20240206;100318;593.450000000;10;9541143303;S
20240206;100318;593.400000000;3;9541143304;S
20240206;100318;593.400000000;2;9541143305;S
20240206;100318;593.400000000;2;9541143306;S
20240206;100318;593.400000000;3;9541143307;S
20240206;100319;593.400000000;7;9541143475;S
20240206;100319;593.350000000;1;9541143476;S
20240206;100319;593.350000000;100;9541143477;S
20240206;100319;593.350000000;10;9541143478;S
20240206;100319;593.350000000;443;9541143479;S
20240206;100319;593.400000000;3;9541143508;B
20240206;100319;593.400000000;10;9541143519;B
20240206;100320;593.400000000;20;9541143675;B
20240206;100321;593.400000000;1;9541143783;B
20240206;100323;593.450000000;34;9541144097;B
20240206;100326;593.350000000;36;9541144533;S
20240206;100326;593.350000000;1;9541144543;S
20240206;100327;593.400000000;1;9541144767;B
20240206;100329;593.400000000;1;9541144923;B
20240206;100329;593.350000000;13;9541145037;S
20240206;100329;593.350000000;2;9541145038;S
20240206;100329;593.300000000;7;9541145039;S
20240206;100330;593.350000000;3;9541145059;B
20240206;100331;593.350000000;10;9541145214;B
20240206;100331;593.350000000;166;9541145348;B
20240206;100331;593.300000000;20;9541145378;S
20240206;100332;593.350000000;1;9541145430;B
20240206;100332;593.350000000;33;9541145463;B
20240206;100332;593.350000000;67;9541145464;B
20240206;100333;593.350000000;1;9541145683;B
20240206;100334;593.350000000;120;9541146048;B
20240206;100334;593.350000000;1;9541146108;B
20240206;100336;593.300000000;1;9541146287;S
20240206;100337;593.350000000;4;9541146372;B
20240206;100337;593.350000000;107;9541146373;B
20240206;100337;593.350000000;2;9541146374;B
20240206;100337;593.350000000;7;9541146375;B
20240206;100337;593.350000000;10;9541146397;B
20240206;100337;593.300000000;20;9541146429;S
20240206;100338;593.350000000;1;9541146539;B
20240206;100338;593.300000000;92;9541146547;S
20240206;100339;593.350000000;13;9541146866;B
20240206;100339;593.350000000;4;9541146916;B
20240206;100339;593.350000000;6;9541146917;B
20240206;100339;593.300000000;5;9541146935;S
20240206;100339;593.300000000;21;9541147005;S
20240206;100339;593.300000000;58;9541147006;S
20240206;100339;593.350000000;8;9541147081;B
20240206;100340;593.300000000;25;9541147138;S
20240206;100340;593.350000000;5;9541147140;B
20240206;100341;593.300000000;3;9541147464;S
20240206;100342;593.350000000;3;9541147631;B
20240206;100342;593.350000000;20;9541147803;B
20240206;100343;593.350000000;1;9541147879;B
20240206;100343;593.300000000;82;9541147881;S
20240206;100343;593.300000000;98;9541147882;S
20240206;100344;593.350000000;10;9541148068;B
20240206;100344;593.350000000;158;9541148069;B
20240206;100344;593.350000000;100;9541148081;B
20240206;100346;593.300000000;52;9541148261;S
20240206;100346;593.300000000;10;9541148262;S
20240206;100346;593.300000000;10;9541148263;S
20240206;100346;593.300000000;28;9541148264;S
20240206;100346;593.350000000;2;9541148307;B
20240206;100346;593.350000000;3;9541148327;B
20240206;100347;593.350000000;7;9541148386;B
20240206;100347;593.350000000;2;9541148387;B
20240206;100347;593.350000000;27;9541148388;B
20240206;100347;593.350000000;54;9541148389;B
20240206;100347;593.300000000;10;9541148423;S
20240206;100347;593.350000000;3;9541148473;B
20240206;100347;593.300000000;1;9541148487;S
20240206;100348;593.300000000;4;9541148562;S
20240206;100348;593.300000000;57;9541148609;S
20240206;100348;593.300000000;10;9541148610;S
20240206;100348;593.300000000;21;9541148668;B
20240206;100348;593.300000000;13;9541148669;B
20240206;100348;593.350000000;66;9541148670;B
20240206;100348;593.350000000;48;9541148803;B
20240206;100348;593.400000000;70;9541148804;B
20240206;100348;593.400000000;2;9541148805;B
20240206;100352;593.300000000;25;9541149323;B
20240206;100352;593.300000000;2;9541149413;B
20240206;100353;593.300000000;1;9541149521;B
20240206;100353;593.250000000;1;9541149533;S
20240206;100354;593.300000000;5;9541149671;B
20240206;100355;593.300000000;1;9541149758;B
20240206;100355;593.300000000;17;9541149759;B
20240206;100356;593.300000000;2;9541149782;B
20240206;100356;593.300000000;5;9541149783;B
20240206;100356;593.300000000;1;9541149888;B
20240206;100357;593.300000000;101;9541149947;B
20240206;100357;593.300000000;7;9541149948;B
20240206;100357;593.350000000;42;9541149949;B
20240206;100357;593.250000000;94;9541149972;S
20240206;100357;593.250000000;6;9541149973;S
20240206;100357;593.350000000;3;9541149998;B
20240206;100400;593.300000000;1;9541150508;B
20240206;100400;593.300000000;2;9541150519;B
20240206;100400;593.300000000;30;9541150520;B
20240206;100400;593.300000000;68;9541150521;B
20240206;100400;593.300000000;26;9541150555;B
20240206;100400;593.300000000;1;9541150578;B
20240206;100401;593.300000000;100;9541150629;B
20240206;100401;593.300000000;1;9541150693;B
20240206;100402;593.300000000;311;9541150816;B
20240206;100403;593.300000000;447;9541150916;B
20240206;100404;593.300000000;2;9541151024;B
20240206;100404;593.350000000;3;9541151025;B
20240206;100405;593.350000000;202;9541151208;B
20240206;100405;593.350000000;30;9541151209;B
20240206;100405;593.400000000;10;9541151237;B
20240206;100406;593.400000000;188;9541151314;B
20240206;100406;593.400000000;2;9541151315;B
20240206;100406;593.400000000;9;9541151316;B
20240206;100406;593.400000000;80;9541151317;B
20240206;100406;593.450000000;10;9541151318;B
20240206;100406;593.500000000;222;9541151319;B
20240206;100406;593.500000000;15;9541151320;B
20240206;100407;593.350000000;1;9541151443;B
20240206;100408;593.350000000;123;9541151579;B
20240206;100408;593.300000000;20;9541151584;S
20240206;100408;593.350000000;16;9541151703;B
20240206;100409;593.350000000;6;9541151885;B
20240206;100410;593.300000000;4;9541152006;S
20240206;100411;593.350000000;101;9541152042;B
20240206;100411;593.350000000;100;9541152063;B
20240206;100411;593.350000000;60;9541152072;B
20240206;100411;593.300000000;10;9541152237;S
20240206;100411;593.350000000;24;9541152252;B
20240206;100412;593.350000000;200;9541152366;B
20240206;100412;593.350000000;2;9541152422;B
20240206;100415;593.350000000;1;9541152760;B
20240206;100415;593.350000000;1;9541152801;B
20240206;100415;593.350000000;2;9541152849;B
20240206;100416;593.300000000;1;9541152896;S
20240206;100416;593.300000000;1;9541152945;S
20240206;100416;593.350000000;2;9541152972;B
20240206;100417;593.350000000;16;9541153052;B
20240206;100417;593.350000000;1;9541153066;B
20240206;100417;593.350000000;10;9541153150;B
20240206;100418;593.300000000;27;9541153202;S
20240206;100418;593.350000000;60;9541153289;B
20240206;100418;593.300000000;62;9541153328;S
20240206;100419;593.300000000;1;9541153511;S
20240206;100420;593.300000000;99;9541153543;S
20240206;100420;593.300000000;1;9541153544;S
20240206;100420;593.350000000;10;9541153556;B
20240206;100420;593.300000000;2;9541153616;S
20240206;100420;593.350000000;30;9541153628;B
20240206;100421;593.350000000;1;9541153712;B
20240206;100421;593.350000000;1;9541153720;B
20240206;100421;593.350000000;100;9541153721;B
20240206;100421;593.300000000;100;9541153777;S
20240206;100422;593.300000000;1;9541153834;S
20240206;100422;593.350000000;3;9541153853;B
20240206;100422;593.350000000;6;9541153898;B
20240206;100425;593.350000000;1;9541154256;B
20240206;100430;593.250000000;4;9541154998;S
20240206;100433;593.250000000;3;9541155691;S
20240206;100433;593.250000000;10;9541155692;S
20240206;100433;593.250000000;3;9541155693;S
20240206;100433;593.250000000;9;9541155694;S
20240206;100434;593.300000000;1;9541155726;B
20240206;100434;593.250000000;1;9541155728;S
20240206;100434;593.300000000;300;9541155761;B
20240206;100434;593.300000000;6;9541155782;B
20240206;100434;593.300000000;5;9541155804;B
20240206;100434;593.300000000;109;9541155809;B
20240206;100434;593.300000000;6;9541155820;B
20240206;100435;593.250000000;5;9541155899;S
20240206;100435;593.250000000;73;9541155914;S
20240206;100435;593.250000000;27;9541155915;S
20240206;100435;593.250000000;32;9541155930;S
20240206;100436;593.300000000;2;9541156062;B
20240206;100436;593.250000000;1;9541156099;S
20240206;100436;593.300000000;6;9541156107;B
20240206;100436;593.300000000;344;9541156108;B
20240206;100438;593.300000000;1;9541156351;B
20240206;100438;593.250000000;23;9541156471;S
20240206;100438;593.250000000;17;9541156473;S
20240206;100438;593.250000000;100;9541156474;S
20240206;100438;593.250000000;5;9541156475;S
20240206;100438;593.250000000;10;9541156476;S
20240206;100438;593.250000000;2;9541156477;S
20240206;100438;593.250000000;1;9541156478;S
20240206;100438;593.250000000;1;9541156479;S
20240206;100438;593.250000000;2;9541156480;S
20240206;100438;593.250000000;70;9541156481;S
20240206;100438;593.300000000;2;9541156512;B
20240206;100438;593.250000000;30;9541156517;S
20240206;100438;593.250000000;82;9541156518;S
20240206;100438;593.250000000;70;9541156534;S
20240206;100439;593.250000000;200;9541156729;S
20240206;100439;593.250000000;1448;9541156730;S
20240206;100439;593.250000000;11;9541156731;S
20240206;100439;593.200000000;2893;9541156732;S
20240206;100439;593.200000000;5879;9541156733;S
20240206;100439;593.200000000;100;9541156734;S
20240206;100439;593.200000000;1000;9541156735;S
20240206;100439;593.200000000;2;9541156736;S
20240206;100439;593.150000000;79;9541156737;S
20240206;100439;593.100000000;1;9541156738;S
20240206;100439;593.100000000;11;9541156739;S
20240206;100439;593.050000000;6;9541156742;S
20240206;100439;593.050000000;8;9541156743;S
20240206;100439;593.050000000;186;9541156744;S
20240206;100439;593.050000000;814;9541156818;S
20240206;100439;593.050000000;1;9541156819;S
20240206;100439;593.100000000;100;9541156821;B
20240206;100439;593.000000000;1;9541156836;S
20240206;100439;593.000000000;80;9541156837;S
20240206;100439;593.000000000;1;9541156846;S
20240206;100440;593.000000000;42;9541156889;S
20240206;100440;593.000000000;10;9541156890;S
20240206;100440;593.000000000;44;9541156891;S
20240206;100440;593.000000000;50;9541156892;S
20240206;100440;593.000000000;67;9541156893;S
20240206;100440;593.000000000;100;9541156894;S
20240206;100440;593.000000000;1;9541156895;S
20240206;100440;593.000000000;1;9541156896;S
20240206;100440;593.000000000;30;9541156897;S
20240206;100440;593.000000000;2024;9541156898;S
20240206;100440;593.000000000;200;9541156899;S
20240206;100440;593.000000000;2;9541156900;S
20240206;100440;593.000000000;1;9541156901;S
20240206;100440;593.000000000;500;9541156902;S
20240206;100440;593.000000000;50;9541156903;S
20240206;100440;593.000000000;150;9541156904;S
20240206;100440;593.000000000;20;9541156905;S
20240206;100440;593.000000000;100;9541156906;S
20240206;100440;593.000000000;100;9541156907;S
20240206;100440;593.000000000;20;9541156908;S
20240206;100440;592.950000000;10;9541156909;S
20240206;100440;592.900000000;10;9541156911;S
20240206;100440;592.850000000;1;9541156921;S
20240206;100440;593.000000000;2;9541156922;B
20240206;100440;593.000000000;25;9541156923;B
20240206;100440;592.850000000;1;9541156924;S
20240206;100440;592.850000000;1;9541156925;S
20240206;100440;592.850000000;1;9541156928;S
20240206;100440;592.850000000;4;9541156936;S
20240206;100440;592.850000000;4;9541156967;S
20240206;100440;592.800000000;56;9541156968;S
20240206;100441;592.800000000;30;9541157092;S
20240206;100441;592.800000000;6;9541157105;S
20240206;100441;592.750000000;10;9541157106;S
20240206;100441;592.700000000;1;9541157107;S
20240206;100441;592.700000000;10;9541157108;S
20240206;100441;592.650000000;2;9541157109;S
20240206;100441;592.650000000;1;9541157110;S
20240206;100441;592.650000000;12;9541157111;S
20240206;100441;592.600000000;3;9541157112;S
20240206;100441;592.600000000;1;9541157113;S
20240206;100441;592.600000000;6;9541157114;S
20240206;100441;592.550000000;5;9541157175;S
20240206;100441;592.550000000;1;9541157180;S
20240206;100441;592.550000000;10;9541157187;S
20240206;100441;592.550000000;34;9541157294;S
20240206;100441;592.550000000;100;9541157295;S
20240206;100441;592.550000000;10;9541157296;S
20240206;100441;592.550000000;5;9541157297;S
20240206;100441;592.550000000;1;9541157298;S
20240206;100441;592.500000000;20;9541157299;S
20240206;100441;592.500000000;10;9541157300;S
20240206;100441;592.500000000;1;9541157301;S
20240206;100441;592.500000000;2;9541157302;S
20240206;100441;592.500000000;137;9541157303;S
20240206;100441;592.500000000;200;9541157315;S
20240206;100441;592.500000000;2;9541157321;S
20240206;100442;592.500000000;161;9541157329;S
20240206;100442;592.500000000;7;9541157330;S
20240206;100442;592.650000000;200;9541157383;B
20240206;100442;592.650000000;5;9541157384;B
20240206;100442;592.700000000;35;9541157385;B
20240206;100442;592.700000000;1;9541157453;B
20240206;100442;592.500000000;35;9541157532;S
20240206;100442;592.500000000;1;9541157533;S
20240206;100442;592.500000000;42;9541157534;S
20240206;100442;592.450000000;1;9541157535;S
20240206;100442;592.450000000;421;9541157536;S
20240206;100442;592.400000000;2;9541157537;S
20240206;100442;592.400000000;1;9541157538;S
20240206;100442;592.400000000;128;9541157539;S
20240206;100442;592.350000000;1869;9541157540;S
20240206;100442;592.600000000;2;9541157548;B
20240206;100442;592.650000000;2;9541157549;B
20240206;100442;592.350000000;4;9541157580;S
20240206;100443;592.350000000;127;9541157590;S
20240206;100443;592.350000000;1;9541157591;S
20240206;100443;592.300000000;2;9541157592;S
20240206;100443;592.300000000;1;9541157593;S
20240206;100443;592.300000000;39;9541157594;S
20240206;100443;592.300000000;382;9541157600;S
20240206;100443;592.250000000;1;9541157601;S
20240206;100443;592.250000000;117;9541157602;S
20240206;100443;592.250000000;10;9541157603;S
20240206;100443;592.200000000;2;9541157604;S
20240206;100443;592.200000000;2;9541157605;S
20240206;100443;592.200000000;100;9541157606;S
20240206;100443;592.200000000;28;9541157607;S
20240206;100443;592.200000000;6;9541157608;S
20240206;100443;592.200000000;352;9541157609;S
20240206;100443;592.200000000;200;9541157610;S
20240206;100443;592.150000000;2;9541157639;S
20240206;100443;592.150000000;421;9541157640;S
20240206;100443;592.150000000;127;9541157641;S
20240206;100443;592.100000000;2;9541157642;S
20240206;100443;592.100000000;60;9541157643;S
20240206;100443;592.100000000;100;9541157644;S
20240206;100443;592.100000000;134;9541157645;S
20240206;100443;592.100000000;654;9541157646;S
20240206;100443;592.100000000;1;9541157647;S
20240206;100443;592.100000000;2;9541157654;S
20240206;100443;592.100000000;5;9541157656;S
20240206;100443;592.050000000;8;9541157691;S
20240206;100443;592.050000000;1;9541157692;S
20240206;100443;592.050000000;1;9541157693;S
20240206;100443;592.050000000;5;9541157694;S
20240206;100443;592.050000000;235;9541157695;S
20240206;100443;592.050000000;70;9541157712;S
20240206;100444;592.100000000;1;9541157727;B
20240206;100444;592.050000000;195;9541157771;S
20240206;100444;592.050000000;17;9541157772;S
20240206;100444;592.050000000;38;9541157773;S
20240206;100444;592.050000000;5;9541157779;S
20240206;100444;592.050000000;40;9541157879;S
20240206;100444;592.050000000;67;9541157880;S
20240206;100445;592.000000000;3;9541158067;S
20240206;100445;592.050000000;4;9541158072;B
20240206;100445;592.050000000;89;9541158073;B
20240206;100445;592.100000000;11;9541158074;B
20240206;100445;592.100000000;238;9541158092;B
20240206;100445;592.100000000;100;9541158093;B
20240206;100445;592.150000000;1;9541158094;B
20240206;100445;592.100000000;1;9541158109;S
20240206;100445;592.100000000;100;9541158113;S
20240206;100446;592.350000000;1;9541158225;B
20240206;100446;592.100000000;1;9541158237;S
20240206;100446;592.350000000;1;9541158238;B
20240206;100446;592.400000000;1;9541158239;B
20240206;100446;592.400000000;318;9541158240;B
20240206;100446;592.450000000;17;9541158266;B
20240206;100446;592.450000000;2;9541158273;B
20240206;100446;592.500000000;113;9541158308;B
20240206;100447;592.100000000;1;9541158556;S
20240206;100447;592.100000000;1;9541158557;S
20240206;100452;592.550000000;13;9541159344;B
20240206;100452;592.550000000;8;9541159358;B
20240206;100452;592.550000000;1;9541159364;B
20240206;100456;592.500000000;1;9541159963;B
20240206;100456;592.500000000;9;9541160002;B
20240206;100456;592.500000000;41;9541160003;B
20240206;100456;592.450000000;13;9541160020;S
20240206;100457;592.500000000;1;9541160062;B
20240206;100459;592.500000000;8;9541160451;B
20240206;100459;592.500000000;8;9541160452;B
20240206;100459;592.500000000;1;9541160480;B
20240206;100459;592.450000000;7;9541160555;S
20240206;100459;592.350000000;93;9541160556;S
20240206;100500;592.450000000;1;9541160680;B
20240206;100501;592.450000000;1;9541160823;B
20240206;100501;592.350000000;1;9541160835;S
20240206;100501;592.450000000;48;9541160883;B
20240206;100501;592.450000000;15;9541160884;B
20240206;100501;592.450000000;3;9541160894;B
20240206;100502;592.450000000;2;9541160923;B
20240206;100502;592.350000000;3;9541161018;S
20240206;100504;592.400000000;1;9541161272;B
20240206;100505;592.400000000;9;9541161418;B
20240206;100505;592.450000000;1;9541161419;B
20240206;100506;592.400000000;1;9541161567;B
20240206;100506;592.350000000;9;9541161637;S
20240206;100507;592.400000000;2;9541161830;B
20240206;100508;592.400000000;11;9541162033;B
20240206;100509;592.400000000;19;9541162208;B
20240206;100509;592.400000000;10;9541162234;B
20240206;100509;592.400000000;1;9541162267;B
20240206;100510;592.400000000;7;9541162299;B
20240206;100510;592.400000000;10;9541162300;B
20240206;100510;592.400000000;2;9541162308;B
20240206;100510;592.400000000;1;9541162415;B
20240206;100511;592.350000000;35;9541162475;S
20240206;100511;592.400000000;1;9541162492;B
20240206;100511;592.400000000;5;9541162496;B
20240206;100511;592.400000000;1;9541162508;B
20240206;100514;592.400000000;29;9541162869;B
20240206;100514;592.400000000;10;9541162870;B
20240206;100514;592.400000000;40;9541162871;B
20240206;100514;592.400000000;50;9541162872;B
20240206;100514;592.400000000;271;9541162873;B
20240206;100514;592.350000000;10;9541162982;S
20240206;100515;592.400000000;1;9541162992;B
20240206;100515;592.400000000;5;9541163021;B
20240206;100515;592.400000000;23;9541163071;B
20240206;100515;592.400000000;1;9541163110;B
20240206;100516;592.400000000;150;9541163123;B
20240206;100516;592.400000000;4;9541163213;B
20240206;100518;592.350000000;15;9541163434;S
20240206;100518;592.350000000;185;9541163435;S
20240206;100518;592.400000000;3;9541163444;B
20240206;100518;592.350000000;2;9541163446;S
20240206;100518;592.400000000;50;9541163448;B
20240206;100518;592.400000000;1;9541163456;B
20240206;100519;592.350000000;106;9541163540;S
20240206;100519;592.350000000;64;9541163541;S
20240206;100519;592.300000000;2;9541163546;S
20240206;100519;592.250000000;1;9541163583;S
20240206;100519;592.250000000;1;9541163584;S
20240206;100519;592.400000000;23;9541163590;B
20240206;100519;592.250000000;2;9541163602;S
20240206;100519;592.250000000;40;9541163604;S
20240206;100521;592.200000000;2;9541163833;S
20240206;100521;592.200000000;1;9541163834;S
20240206;100521;592.200000000;3;9541163835;S
20240206;100522;592.300000000;1;9541163959;B
20240206;100522;592.250000000;55;9541164036;S
20240206;100522;592.300000000;2;9541164065;B
20240206;100522;592.300000000;16;9541164069;B
20240206;100522;592.300000000;100;9541164070;B
20240206;100522;592.350000000;85;9541164071;B
20240206;100522;592.400000000;133;9541164072;B
20240206;100522;592.400000000;2;9541164073;B
20240206;100522;592.400000000;2;9541164074;B
20240206;100522;592.400000000;108;9541164075;B
20240206;100522;592.500000000;20;9541164079;B
20240206;100524;592.400000000;54;9541164376;S
20240206;100524;592.300000000;21;9541164377;S
20240206;100525;592.350000000;3;9541164444;S
20240206;100527;592.300000000;5;9541164760;S
20240206;100527;592.500000000;2;9541164762;B
20240206;100527;592.500000000;23;9541164776;B
20240206;100528;592.500000000;1;9541164955;B
20240206;100529;592.350000000;10;9541165034;S
20240206;100532;592.350000000;60;9541165531;S
20240206;100536;592.400000000;5;9541166276;S
20240206;100541;592.450000000;51;9541166860;S
20240206;100542;592.450000000;249;9541167023;S
20240206;100543;592.600000000;1;9541167465;B
20240206;100543;592.500000000;100;9541167468;B
20240206;100543;592.600000000;9;9541167471;B
20240206;100543;592.650000000;2;9541167472;B
20240206;100543;592.650000000;29;9541167473;B
20240206;100545;592.650000000;10;9541167704;B
20240206;100545;592.650000000;10;9541167705;B
20240206;100545;592.800000000;15;9541167706;B
20240206;100545;592.800000000;65;9541167707;B
20240206;100546;592.750000000;3;9541167814;S
20240206;100547;592.900000000;3;9541167963;B
20240206;100548;592.900000000;2;9541168132;B
20240206;100549;592.850000000;2;9541168424;S
20240206;100553;592.900000000;2;9541169108;B
20240206;100556;592.950000000;2;9541169567;B
20240206;100557;592.950000000;5;9541169685;B
20240206;100557;593.000000000;76;9541169686;B
20240206;100557;593.000000000;6;9541169687;B
20240206;100557;593.000000000;13;9541169688;B
20240206;100557;592.750000000;5;9541169727;S
20240206;100604;592.850000000;2;9541170636;S
20240206;100604;592.800000000;2;9541170637;S
20240206;100604;592.900000000;1;9541170643;B
20240206;100606;592.900000000;1;9541170933;B
20240206;100606;592.950000000;9;9541170934;B
20240206;100606;592.950000000;9;9541171023;B
20240206;100606;593.000000000;57;9541171024;B
20240206;100606;593.000000000;100;9541171025;B
20240206;100606;593.050000000;96;9541171026;B
20240206;100606;593.050000000;56;9541171027;B
20240206;100606;593.100000000;90;9541171028;B
20240206;100606;593.100000000;134;9541171029;B
20240206;100606;593.150000000;46;9541171030;B
20240206;100607;593.250000000;15;9541171137;B
20240206;100607;593.250000000;15;9541171138;B
20240206;100608;593.250000000;1;9541171296;B
20240206;100609;593.250000000;131;9541171380;B
20240206;100609;593.300000000;31;9541171381;B
20240206;100609;593.300000000;134;9541171382;B
20240206;100609;593.300000000;91;9541171383;B
20240206;100609;593.350000000;1;9541171384;B
20240206;100609;593.350000000;2;9541171385;B
20240206;100609;593.350000000;10;9541171386;B
20240206;100609;593.350000000;3;9541171387;B
20240206;100609;593.350000000;421;9541171388;B
20240206;100609;593.350000000;134;9541171389;B
20240206;100609;593.400000000;42;9541171390;B
20240206;100610;593.250000000;52;9541171521;B
20240206;100610;593.250000000;3;9541171561;B
20240206;100611;593.200000000;1;9541171665;S
20240206;100611;593.150000000;5;9541171666;S
20240206;100612;593.250000000;2;9541171749;B
20240206;100614;593.350000000;89;9541171956;B
20240206;100614;593.400000000;11;9541171957;B
20240206;100615;593.300000000;1;9541172114;B
20240206;100616;593.200000000;18;9541172280;S
20240206;100616;593.200000000;1;9541172281;S
20240206;100616;593.150000000;5;9541172282;S
20240206;100616;593.150000000;1;9541172283;S
20240206;100616;593.150000000;1;9541172284;S
20240206;100616;593.100000000;1;9541172285;S
20240206;100616;593.100000000;89;9541172286;S
20240206;100616;593.100000000;91;9541172287;S
20240206;100616;593.100000000;59;9541172314;S
20240206;100616;593.050000000;3;9541172315;S
20240206;100616;593.050000000;28;9541172316;S
20240206;100616;593.300000000;1;9541172420;B
20240206;100617;593.300000000;1;9541172478;B
20240206;100619;593.100000000;81;9541172877;S
20240206;100621;593.200000000;1;9541173167;B
20240206;100622;593.300000000;1;9541173222;B
20240206;100622;593.300000000;65;9541173223;B
20240206;100622;593.200000000;1;9541173372;S
20240206;100623;593.300000000;15;9541173465;B
20240206;100623;593.300000000;35;9541173466;B
20240206;100623;593.300000000;1;9541173497;B
20240206;100624;593.300000000;3;9541173630;B
20240206;100626;593.300000000;41;9541173852;B
20240206;100626;593.300000000;101;9541173853;B
20240206;100626;593.350000000;5;9541173854;B
20240206;100626;593.350000000;21;9541173855;B
20240206;100626;593.250000000;1;9541173860;S
20240206;100628;593.350000000;1;9541174252;B
20240206;100628;593.350000000;100;9541174300;B
20240206;100629;593.250000000;6;9541174399;S
20240206;100630;593.300000000;97;9541174574;B
20240206;100631;593.300000000;57;9541174699;B
20240206;100631;593.300000000;22;9541174703;B
20240206;100632;593.300000000;2;9541174820;B
20240206;100634;593.300000000;2;9541175002;B
20240206;100634;593.300000000;20;9541175052;B
20240206;100635;593.300000000;1;9541175119;B
20240206;100636;593.300000000;2;9541175182;B
20240206;100636;593.300000000;2;9541175185;B
20240206;100636;593.250000000;3;9541175257;S
20240206;100636;593.250000000;1;9541175258;S
20240206;100638;593.200000000;4;9541175395;S
20240206;100638;593.200000000;6;9541175431;S
20240206;100638;593.150000000;40;9541175432;S
20240206;100638;593.100000000;19;9541175433;S
20240206;100638;593.100000000;1;9541175434;S
20240206;100638;593.100000000;89;9541175435;S
20240206;100638;593.050000000;2;9541175436;S
20240206;100638;593.050000000;150;9541175437;S
20240206;100638;593.000000000;343;9541175438;S
20240206;100638;593.250000000;31;9541175453;B
20240206;100638;593.250000000;38;9541175454;B
20240206;100638;593.250000000;21;9541175455;B
20240206;100638;593.250000000;2;9541175475;B
20240206;100640;593.200000000;19;9541175717;B
20240206;100640;593.250000000;181;9541175718;B
20240206;100640;593.250000000;28;9541175721;B
20240206;100640;593.250000000;2;9541175793;B
20240206;100641;593.250000000;5;9541176026;B
20240206;100642;593.250000000;150;9541176264;B
20240206;100642;593.250000000;10;9541176283;B
20240206;100643;593.050000000;1;9541176634;S
20240206;100645;593.050000000;40;9541177037;S
20240206;100646;593.100000000;1;9541177199;S
20240206;100646;593.050000000;9;9541177200;S
20240206;100646;593.050000000;1;9541177297;S
20240206;100648;593.200000000;2;9541177606;B
20240206;100649;593.200000000;7;9541177804;B
20240206;100649;593.200000000;4;9541177805;B
20240206;100649;593.250000000;838;9541177806;B
20240206;100649;593.250000000;200;9541177807;B
20240206;100649;593.250000000;2;9541177808;B
20240206;100649;593.300000000;449;9541177809;B
20240206;100651;593.300000000;1;9541177974;B
20240206;100651;593.300000000;1;9541178043;B
20240206;100651;593.150000000;7;9541178066;S
20240206;100651;593.300000000;10;9541178087;B
20240206;100652;593.300000000;1;9541178173;B
20240206;100654;593.300000000;200;9541178400;B
20240206;100655;593.300000000;85;9541178576;B
20240206;100656;593.200000000;2;9541178702;S
20240206;100658;593.200000000;2;9541179322;S
20240206;100659;593.200000000;1;9541179361;S
20240206;100700;593.200000000;15;9541179535;S
20240206;100700;593.200000000;2;9541179536;S
20240206;100700;593.150000000;1;9541179537;B
20240206;100700;593.150000000;3;9541179601;B
20240206;100700;593.150000000;1;9541179615;B
20240206;100700;593.200000000;1;9541179622;B
20240206;100701;593.200000000;1;9541179694;B
20240206;100703;593.200000000;1;9541179965;B
20240206;100704;593.100000000;1;9541180124;S
20240206;100705;593.100000000;90;9541180243;S
20240206;100705;593.100000000;10;9541180244;S
20240206;100706;593.100000000;7;9541180440;S
20240206;100711;593.100000000;4;9541180966;S
20240206;100711;593.150000000;1;9541181024;B
20240206;100711;593.150000000;1;9541181030;B
20240206;100711;593.200000000;8;9541181031;B
20240206;100711;593.150000000;1;9541181050;B
20240206;100712;593.150000000;1;9541181131;S
20240206;100712;593.100000000;58;9541181132;S
20240206;100714;593.200000000;3;9541181461;B
20240206;100715;593.200000000;350;9541181561;B
20240206;100715;593.150000000;3;9541181594;S
20240206;100716;593.150000000;166;9541181619;S
20240206;100716;593.150000000;84;9541181620;S
20240206;100716;593.200000000;119;9541181676;B
20240206;100716;593.200000000;25;9541181677;B
20240206;100716;593.200000000;5;9541181678;B
20240206;100716;593.200000000;90;9541181679;B
20240206;100716;593.300000000;761;9541181680;B
20240206;100717;593.150000000;1;9541181794;S
20240206;100719;593.250000000;7;9541182036;S
20240206;100719;593.250000000;9;9541182045;S
20240206;100719;593.300000000;1;9541182228;B
20240206;100719;593.300000000;1;9541182229;B
20240206;100720;593.300000000;2;9541182274;B
20240206;100720;593.300000000;3;9541182302;B
20240206;100720;593.300000000;2;9541182303;B
20240206;100721;593.300000000;30;9541182488;B
20240206;100722;593.250000000;9;9541182623;S
20240206;100722;593.300000000;342;9541182678;B
20240206;100722;593.300000000;2;9541182681;B
20240206;100723;593.300000000;50;9541182744;B
20240206;100723;593.300000000;1000;9541182764;B
20240206;100723;593.300000000;50;9541182819;B
20240206;100724;593.250000000;73;9541182864;S
20240206;100724;593.300000000;1000;9541182897;B
20240206;100726;593.250000000;1;9541183015;S
20240206;100726;593.300000000;100;9541183019;B
20240206;100726;593.300000000;704;9541183028;B
20240206;100726;593.300000000;20;9541183029;B
20240206;100726;593.300000000;5;9541183030;B
20240206;100726;593.300000000;51;9541183031;B
20240206;100727;593.250000000;257;9541183267;S
20240206;100727;593.250000000;143;9541183268;S
20240206;100728;593.300000000;7;9541183380;B
20240206;100728;593.300000000;10;9541183397;B
20240206;100728;593.250000000;3;9541183417;S
20240206;100728;593.300000000;1;9541183431;B
20240206;100729;593.300000000;16;9541183460;B
20240206;100729;593.300000000;20;9541183569;B
20240206;100730;593.300000000;1;9541183648;B
20240206;100730;593.250000000;2;9541183660;S
20240206;100732;593.300000000;1;9541183817;B
20240206;100732;593.250000000;3;9541183822;S
20240206;100733;593.300000000;3;9541183990;B
20240206;100733;593.300000000;1;9541183991;B
20240206;100733;593.250000000;49;9541184052;S
20240206;100733;593.250000000;172;9541184053;S
20240206;100734;593.250000000;1;9541184105;S
20240206;100734;593.300000000;189;9541184119;B
20240206;100734;593.300000000;1;9541184120;B
20240206;100734;593.300000000;2;9541184121;B
20240206;100734;593.300000000;50;9541184122;B
20240206;100734;593.300000000;187;9541184123;B
20240206;100734;593.300000000;1;9541184124;B
20240206;100734;593.350000000;9;9541184135;B
20240206;100735;593.350000000;8;9541184249;B
20240206;100735;593.350000000;8;9541184316;B
20240206;100736;593.300000000;20;9541184418;S
20240206;100737;593.350000000;40;9541184498;B
20240206;100737;593.350000000;5;9541184499;B
20240206;100737;593.350000000;5;9541184500;B
20240206;100737;593.350000000;85;9541184522;B
20240206;100737;593.350000000;1;9541184523;B
20240206;100737;593.400000000;5;9541184524;B
20240206;100737;593.400000000;5;9541184525;B
20240206;100737;593.400000000;5;9541184526;B
20240206;100737;593.400000000;100;9541184527;B
20240206;100737;593.400000000;157;9541184528;B
20240206;100737;593.400000000;1;9541184529;B
20240206;100737;593.400000000;41;9541184530;B
20240206;100737;593.400000000;10;9541184539;B
20240206;100738;593.400000000;49;9541184589;B
20240206;100738;593.400000000;1;9541184590;B
20240206;100738;593.350000000;9;9541184654;S
20240206;100739;593.400000000;1;9541184657;B
20240206;100739;593.350000000;1;9541184676;S
20240206;100739;593.400000000;10;9541184688;B
20240206;100740;593.350000000;1;9541184778;S
20240206;100740;593.400000000;50;9541184781;B
20240206;100740;593.350000000;60;9541184785;S
20240206;100741;593.350000000;436;9541184891;S
20240206;100741;593.350000000;43;9541184892;S
20240206;100741;593.350000000;21;9541184893;S
20240206;100742;593.350000000;5;9541185062;S
20240206;100743;593.400000000;1;9541185141;B
20240206;100746;593.400000000;1;9541185485;B
20240206;100748;593.400000000;24;9541185686;B
20240206;100748;593.400000000;12;9541185687;B
20240206;100748;593.400000000;68;9541185688;B
20240206;100748;593.400000000;1;9541185731;B
20240206;100750;593.350000000;2;9541185957;S
20240206;100750;593.350000000;1;9541185964;S
20240206;100750;593.350000000;9;9541185972;S
20240206;100750;593.400000000;131;9541186017;B
20240206;100750;593.400000000;1;9541186018;B
20240206;100750;593.400000000;10;9541186019;B
20240206;100750;593.400000000;20;9541186020;B
20240206;100750;593.450000000;3;9541186021;B
20240206;100750;593.450000000;1;9541186022;B
20240206;100750;593.450000000;1;9541186023;B
20240206;100750;593.500000000;185;9541186024;B
20240206;100750;593.500000000;2;9541186025;B
20240206;100750;593.500000000;100;9541186026;B
20240206;100750;593.500000000;20;9541186027;B
20240206;100750;593.500000000;86;9541186028;B
20240206;100750;593.500000000;40;9541186029;B
20240206;100750;593.500000000;1;9541186030;B
20240206;100750;593.500000000;1;9541186031;B
20240206;100750;593.500000000;5;9541186032;B
20240206;100750;593.500000000;1;9541186033;B
20240206;100750;593.500000000;10;9541186034;B
20240206;100750;593.500000000;1;9541186035;B
20240206;100750;593.500000000;1;9541186036;B
20240206;100750;593.500000000;5;9541186037;B
20240206;100750;593.500000000;1;9541186038;B
20240206;100750;593.500000000;2;9541186039;B
20240206;100750;593.500000000;37;9541186040;B
20240206;100750;593.550000000;2;9541186041;B
20240206;100750;593.550000000;36;9541186042;B
20240206;100750;593.550000000;1;9541186043;B
20240206;100750;593.550000000;5;9541186044;B
20240206;100750;593.550000000;2;9541186045;B
20240206;100750;593.550000000;1;9541186046;B
20240206;100750;593.550000000;8;9541186047;B
20240206;100750;593.550000000;1;9541186048;B
20240206;100750;593.600000000;79;9541186049;B
20240206;100750;593.600000000;1;9541186050;B
20240206;100751;593.450000000;78;9541186072;S
20240206;100751;593.400000000;12;9541186089;S
20240206;100751;593.450000000;422;9541186117;B
20240206;100751;593.550000000;52;9541186118;B
20240206;100751;593.550000000;239;9541186119;B
20240206;100751;593.600000000;20;9541186120;B
20240206;100751;593.600000000;250;9541186121;B
20240206;100751;593.600000000;2;9541186122;B
20240206;100751;593.600000000;20;9541186123;B
20240206;100751;593.600000000;1;9541186124;B
20240206;100751;593.600000000;5;9541186125;B
20240206;100751;593.600000000;2;9541186126;B
20240206;100751;593.600000000;421;9541186127;B
20240206;100751;593.650000000;25;9541186128;B
20240206;100751;593.650000000;39;9541186129;B
20240206;100751;593.650000000;1;9541186154;B
20240206;100751;593.450000000;12;9541186158;S
20240206;100752;593.450000000;100;9541186234;S
20240206;100753;593.650000000;100;9541186318;B
20240206;100753;593.450000000;4;9541186356;S
20240206;100754;593.650000000;100;9541186406;B
20240206;100754;593.650000000;2;9541186409;B
20240206;100755;593.650000000;300;9541186616;B
20240206;100755;593.450000000;1;9541186656;S
20240206;100755;593.650000000;300;9541186664;B
20240206;100756;593.600000000;4;9541186678;S
20240206;100756;593.500000000;20;9541186679;S
20240206;100756;593.500000000;150;9541186833;B
20240206;100757;593.450000000;5;9541186846;S
20240206;100757;593.450000000;3;9541186851;B
20240206;100757;593.400000000;1;9541186912;S
20240206;100757;593.400000000;1;9541186913;S
20240206;100758;593.400000000;18;9541186977;S
20240206;100758;593.400000000;70;9541186978;S
20240206;100758;593.400000000;30;9541186979;S
20240206;100758;593.600000000;87;9541186991;B
20240206;100758;593.650000000;13;9541186992;B
20240206;100758;593.650000000;1;9541187003;B
20240206;100759;593.600000000;134;9541187125;B
20240206;100759;593.650000000;66;9541187126;B
20240206;100759;593.600000000;5;9541187155;B
20240206;100759;593.600000000;129;9541187177;B
20240206;100759;593.650000000;21;9541187178;B
20240206;100800;593.500000000;20;9541187369;S
20240206;100800;593.450000000;15;9541187370;S
20240206;100801;593.450000000;85;9541187485;S
20240206;100801;593.450000000;2;9541187486;S
20240206;100801;593.450000000;87;9541187487;S
20240206;100801;593.450000000;5;9541187488;B
20240206;100801;593.450000000;2;9541187527;B
20240206;100802;593.400000000;10;9541187638;S
20240206;100803;593.400000000;2;9541187767;S
20240206;100803;593.400000000;40;9541187768;S
20240206;100804;593.450000000;2;9541187925;B
20240206;100804;593.450000000;3;9541188019;B
20240206;100805;593.400000000;6;9541188165;S
20240206;100807;593.450000000;1;9541188277;B
20240206;100807;593.450000000;13;9541188346;B
20240206;100807;593.450000000;8;9541188347;B
20240206;100807;593.450000000;2;9541188359;S
20240206;100808;593.600000000;1;9541188435;B
20240206;100808;593.600000000;1;9541188436;B
20240206;100808;593.600000000;1;9541188437;B
20240206;100808;593.600000000;3;9541188438;B
20240206;100808;593.600000000;1;9541188439;B
20240206;100808;593.600000000;1;9541188440;B
20240206;100808;593.600000000;2;9541188441;B
20240206;100808;593.650000000;20;9541188442;B
20240206;100810;593.650000000;100;9541188620;B
20240206;100810;593.550000000;1;9541188677;S
20240206;100812;593.600000000;3;9541188940;B
20240206;100814;593.600000000;1;9541189096;B
20240206;100816;593.600000000;10;9541189425;B
20240206;100819;593.600000000;16;9541189739;B
20240206;100819;593.600000000;1;9541189740;B
20240206;100819;593.600000000;50;9541189741;B
20240206;100819;593.650000000;33;9541189742;B
20240206;100819;593.500000000;1;9541189774;S
20240206;100819;593.650000000;762;9541189803;B
20240206;100819;593.650000000;50;9541189804;B
20240206;100819;593.650000000;47;9541189805;B
20240206;100819;593.650000000;1;9541189806;B
20240206;100819;593.650000000;2;9541189807;B
20240206;100819;593.650000000;1;9541189808;B
20240206;100819;593.650000000;98;9541189809;B
20240206;100820;593.650000000;100;9541189892;B
20240206;100821;593.550000000;50;9541190093;S
20240206;100823;593.600000000;10;9541190275;B
20240206;100823;593.650000000;1;9541190333;B
20240206;100824;593.650000000;1;9541190385;B
20240206;100824;593.650000000;11;9541190386;B
20240206;100827;593.600000000;10;9541190711;S
20240206;100828;593.650000000;14;9541190797;B
20240206;100828;593.650000000;100;9541190798;B
20240206;100828;593.650000000;5;9541190799;B
20240206;100828;593.650000000;5;9541190800;B
20240206;100828;593.650000000;168;9541190801;B
20240206;100828;593.650000000;10;9541190802;B
20240206;100828;593.650000000;2;9541190803;B
20240206;100828;593.650000000;80;9541190804;B
20240206;100828;593.650000000;16;9541190805;B
20240206;100831;593.650000000;1;9541191120;B
20240206;100831;593.650000000;2;9541191182;B
20240206;100831;593.650000000;3;9541191207;B
20240206;100833;593.650000000;2;9541191406;B
20240206;100833;593.650000000;8;9541191437;B
20240206;100833;593.650000000;1;9541191457;B
20240206;100834;593.600000000;4;9541191476;S
20240206;100835;593.600000000;1;9541191620;S
20240206;100835;593.600000000;3;9541191676;S
20240206;100836;593.650000000;3;9541191698;B
20240206;100836;593.600000000;12;9541191775;S
20240206;100836;593.600000000;1;9541191776;S
20240206;100836;593.600000000;27;9541191777;S
20240206;100838;593.650000000;50;9541191977;B
20240206;100838;593.600000000;1;9541192010;S
20240206;100839;593.600000000;1;9541192103;S
20240206;100839;593.650000000;14;9541192114;B
20240206;100839;593.650000000;1;9541192115;B
20240206;100839;593.650000000;5;9541192116;B
20240206;100839;593.650000000;5;9541192117;B
20240206;100839;593.650000000;1;9541192118;B
20240206;100839;593.700000000;4;9541192119;B
20240206;100839;593.700000000;1;9541192134;B
20240206;100840;593.650000000;1;9541192182;S
20240206;100840;593.700000000;3;9541192237;B
20240206;100841;593.650000000;1;9541192354;S
20240206;100841;593.600000000;2;9541192355;S
20240206;100843;593.700000000;1;9541192486;B
20240206;100845;593.700000000;100;9541192831;B
20240206;100846;593.700000000;200;9541192898;B
20240206;100846;593.650000000;2;9541192909;S
20240206;100846;593.700000000;11;9541192913;B
20240206;100848;593.650000000;3;9541193026;S
20240206;100849;593.700000000;1;9541193090;B
20240206;100849;593.700000000;10;9541193144;B
