<DATE>;<TIME>;<LAST>;<VOL>;<ID>;<OPER>
20240219;095935;585.600000000;1;9636095097;B
20240219;095935;585.600000000;4;9636095098;S
20240219;095935;585.600000000;1;9636095099;B
20240219;095935;585.600000000;1;9636095100;B
20240219;095935;585.600000000;25;9636095101;S
20240219;095935;585.600000000;56;9636095102;S
20240219;095935;585.600000000;51;9636095103;S
20240219;095935;585.600000000;1;9636095104;S
20240219;095935;585.600000000;3;9636095105;S
20240219;095935;585.600000000;3;9636095106;S
20240219;095935;585.600000000;11;9636095107;S
20240219;095935;585.600000000;1;9636095108;S
20240219;095935;585.600000000;1;9636095109;S
20240219;095935;585.600000000;2;9636095110;S
20240219;095935;585.600000000;1;9636095111;S
20240219;095935;585.600000000;2;9636095112;S
20240219;095935;585.600000000;1;9636095113;S
20240219;095935;585.600000000;5;9636095114;S
20240219;095935;585.600000000;5;9636095115;S
20240219;095935;585.600000000;1;9636095116;S
20240219;095935;585.600000000;37;9636095117;S
20240219;095935;585.600000000;4;9636095118;S
20240219;095935;585.600000000;4;9636095119;S
20240219;095935;585.600000000;4;9636095120;S
20240219;095935;585.600000000;3;9636095121;B
20240219;095935;585.600000000;1;9636095122;B
20240219;095935;585.600000000;1;9636095123;B
20240219;095935;585.600000000;1;9636095124;B
20240219;095935;585.600000000;1;9636095125;B
20240219;095935;585.600000000;26;9636095126;S
20240219;095935;585.600000000;2;9636095127;S
20240219;095935;585.600000000;3;9636095128;B
20240219;095935;585.600000000;3;9636095129;B
20240219;095935;585.600000000;6;9636095130;B
20240219;095935;585.600000000;1;9636095131;B
20240219;095935;585.600000000;2;9636095132;B
20240219;095935;585.600000000;2;9636095133;B
20240219;095935;585.600000000;3;9636095134;B
20240219;095935;585.600000000;1;9636095135;B
20240219;095935;585.600000000;20;9636095136;B
20240219;095935;585.600000000;1;9636095137;S
20240219;095935;585.600000000;33;9636095138;S
20240219;095935;585.600000000;3;9636095139;S
20240219;095935;585.600000000;1;9636095140;B
20240219;095935;585.600000000;1;9636095141;B
20240219;095935;585.600000000;10;9636095142;B
20240219;095935;585.600000000;30;9636095143;S
20240219;095935;585.600000000;1;9636095144;B
20240219;095935;585.600000000;2;9636095145;B
20240219;095935;585.600000000;2;9636095146;B
20240219;095935;585.600000000;2;9636095147;B
20240219;095935;585.600000000;2;9636095148;B
20240219;095935;585.600000000;1;9636095149;B
20240219;095935;585.600000000;1;9636095150;B
20240219;095935;585.600000000;2;9636095151;B
20240219;095935;585.600000000;1;9636095152;B
20240219;095935;585.600000000;1;9636095153;B
20240219;095935;585.600000000;3;9636095154;B
20240219;095935;585.600000000;1;9636095155;B
20240219;095935;585.600000000;1;9636095156;B
20240219;095935;585.600000000;1;9636095157;B
20240219;095935;585.600000000;1;9636095158;B
20240219;095935;585.600000000;3;9636095159;B
20240219;095935;585.600000000;1;9636095160;B
20240219;095935;585.600000000;1;9636095161;B
20240219;095935;585.600000000;2;9636095162;B
20240219;095935;585.600000000;2;9636095163;B
20240219;095935;585.600000000;1;9636095164;B
20240219;095935;585.600000000;2;9636095165;B
20240219;095935;585.600000000;1;9636095166;B
20240219;095935;585.600000000;2;9636095167;B
20240219;095935;585.600000000;3;9636095168;B
20240219;095935;585.600000000;1;9636095169;B
20240219;095935;585.600000000;1;9636095170;B
20240219;095935;585.600000000;2;9636095171;B
20240219;095935;585.600000000;2;9636095172;B
20240219;095935;585.600000000;2;9636095173;B
20240219;095935;585.600000000;1;9636095174;B
20240219;095935;585.600000000;2;9636095175;B
20240219;095935;585.600000000;2;9636095176;B
20240219;095935;585.600000000;3;9636095177;B
20240219;095935;585.600000000;2;9636095178;B
20240219;095935;585.600000000;2;9636095179;B
20240219;095935;585.600000000;2;9636095180;B
20240219;095935;585.600000000;1;9636095181;B
20240219;095935;585.600000000;2;9636095182;B
20240219;095935;585.600000000;1;9636095183;B
20240219;095935;585.600000000;2;9636095184;B
20240219;095935;585.600000000;2;9636095185;B
20240219;095935;585.600000000;2;9636095186;B
20240219;095935;585.600000000;2;9636095187;B
20240219;095935;585.600000000;2;9636095188;B
20240219;095935;585.600000000;2;9636095189;B
20240219;095935;585.600000000;1;9636095190;B
20240219;095935;585.600000000;2;9636095191;B
20240219;095935;585.600000000;2;9636095192;B
20240219;095935;585.600000000;1;9636095193;B
20240219;095935;585.600000000;1;9636095194;B
20240219;095935;585.600000000;2;9636095195;B
20240219;095935;585.600000000;1;9636095196;B
20240219;095935;585.600000000;2;9636095197;B
20240219;095935;585.600000000;1;9636095198;B
20240219;095935;585.600000000;2;9636095199;B
20240219;095935;585.600000000;2;9636095200;B
20240219;095935;585.600000000;2;9636095201;B
20240219;095935;585.600000000;2;9636095202;B
20240219;095935;585.600000000;2;9636095203;B
20240219;095935;585.600000000;1;9636095204;B
20240219;095935;585.600000000;1;9636095205;B
20240219;095935;585.600000000;1;9636095206;B
20240219;095935;585.600000000;2;9636095207;B
20240219;095935;585.600000000;1;9636095208;B
20240219;095935;585.600000000;1;9636095209;B
20240219;095935;585.600000000;2;9636095210;B
20240219;095935;585.600000000;1;9636095211;B
20240219;095935;585.600000000;20;9636095212;B
20240219;095935;585.600000000;2;9636095213;B
20240219;095935;585.600000000;2;9636095214;B
20240219;095935;585.600000000;1;9636095215;B
20240219;095935;585.600000000;2;9636095216;B
20240219;095935;585.600000000;1;9636095217;B
20240219;095935;585.600000000;3;9636095218;B
20240219;095935;585.600000000;1;9636095219;B
20240219;095935;585.600000000;1;9636095220;B
20240219;095935;585.600000000;1;9636095221;B
20240219;095935;585.600000000;1;9636095222;B
20240219;095935;585.600000000;2;9636095223;B
20240219;095935;585.600000000;1;9636095224;B
20240219;095935;585.600000000;1;9636095225;B
20240219;095935;585.600000000;1;9636095226;B
20240219;095935;585.600000000;2;9636095227;B
20240219;095935;585.600000000;2;9636095228;B
20240219;095935;585.600000000;2;9636095229;B
20240219;095935;585.600000000;10;9636095230;B
20240219;095935;585.600000000;6;9636095231;B
20240219;095935;585.600000000;1;9636095232;B
20240219;095935;585.600000000;11;9636095233;B
20240219;095935;585.600000000;1;9636095234;B
20240219;095935;585.600000000;2;9636095235;B
20240219;095935;585.600000000;1;9636095236;B
20240219;095935;585.600000000;1;9636095237;B
20240219;095935;585.600000000;2;9636095238;B
20240219;095935;585.600000000;1;9636095239;B
20240219;095935;585.600000000;2;9636095240;B
20240219;095935;585.600000000;1;9636095241;B
20240219;095935;585.600000000;2;9636095242;B
20240219;095935;585.600000000;1;9636095243;B
20240219;095935;585.600000000;2;9636095244;B
20240219;095935;585.600000000;100;9636095245;B
20240219;095935;585.600000000;1;9636095246;B
20240219;095935;585.600000000;2;9636095247;B
20240219;095935;585.600000000;2;9636095248;B
20240219;095935;585.600000000;1;9636095249;B
20240219;095935;585.600000000;2;9636095250;B
20240219;095935;585.600000000;3;9636095251;B
20240219;095935;585.600000000;4;9636095252;B
20240219;095935;585.600000000;1;9636095253;B
20240219;095935;585.600000000;11;9636095254;B
20240219;095935;585.600000000;1;9636095255;B
20240219;095935;585.600000000;1;9636095256;B
20240219;095935;585.600000000;18;9636095257;B
20240219;095935;585.600000000;2;9636095258;B
20240219;095935;585.600000000;1;9636095259;B
20240219;095935;585.600000000;2;9636095260;B
20240219;095935;585.600000000;1;9636095261;B
20240219;095935;585.600000000;1;9636095262;B
20240219;095935;585.600000000;1;9636095263;B
20240219;095935;585.600000000;2;9636095264;B
20240219;095935;585.600000000;1;9636095265;B
20240219;095935;585.600000000;2;9636095266;B
20240219;095935;585.600000000;2;9636095267;B
20240219;095935;585.600000000;3;9636095268;B
20240219;095935;585.600000000;1;9636095269;B
20240219;095935;585.600000000;2;9636095270;B
20240219;095935;585.600000000;2;9636095271;B
20240219;095935;585.600000000;1;9636095272;B
20240219;095935;585.600000000;2;9636095273;B
20240219;095935;585.600000000;2;9636095274;B
20240219;095935;585.600000000;4;9636095275;B
20240219;095935;585.600000000;2;9636095276;B
20240219;095935;585.600000000;1;9636095277;B
20240219;095935;585.600000000;3;9636095278;B
20240219;095935;585.600000000;2;9636095279;B
20240219;095935;585.600000000;2;9636095280;B
20240219;095935;585.600000000;10;9636095281;B
20240219;095935;585.600000000;26;9636095282;B
20240219;095935;585.600000000;23;9636095283;B
20240219;095935;585.600000000;2;9636095284;B
20240219;095935;585.600000000;1;9636095285;B
20240219;095935;585.600000000;18;9636095286;B
20240219;095935;585.600000000;1;9636095287;B
20240219;095935;585.600000000;13;9636095288;B
20240219;095935;585.600000000;66;9636095289;B
20240219;095935;585.600000000;8;9636095290;B
20240219;095935;585.600000000;75;9636095291;B
20240219;095935;585.600000000;2;9636095292;B
20240219;095935;585.600000000;17;9636095293;B
20240219;095935;585.600000000;4;9636095294;B
20240219;095935;585.600000000;40;9636095295;S
20240219;095935;585.600000000;100;9636095296;S
20240219;095935;585.600000000;5;9636095297;S
20240219;095935;585.600000000;1;9636095298;S
20240219;095935;585.600000000;150;9636095299;S
20240219;095935;585.600000000;1;9636095300;B
20240219;095935;585.600000000;51;9636095301;B
20240219;095935;585.600000000;10;9636095302;B
20240219;095935;585.600000000;4;9636095303;B
20240219;095935;585.600000000;1;9636095304;B
20240219;095935;585.600000000;1;9636095305;S
20240219;095935;585.600000000;1;9636095306;S
20240219;095935;585.600000000;1;9636095307;S
20240219;095935;585.600000000;1;9636095308;S
20240219;095935;585.600000000;20;9636095309;S
20240219;095935;585.600000000;2;9636095310;S
20240219;095935;585.600000000;1;9636095311;S
20240219;095935;585.600000000;2;9636095312;S
20240219;095935;585.600000000;1;9636095313;S
20240219;095935;585.600000000;7;9636095314;S
20240219;095935;585.600000000;1;9636095315;S
20240219;095935;585.600000000;1;9636095316;S
20240219;095935;585.600000000;1;9636095317;S
20240219;095935;585.600000000;1;9636095318;S
20240219;095935;585.600000000;1;9636095319;S
20240219;095935;585.600000000;4;9636095320;S
20240219;095935;585.600000000;36;9636095321;B
20240219;095935;585.600000000;4;9636095322;B
20240219;095935;585.600000000;1;9636095323;S
20240219;095935;585.600000000;1;9636095324;S
20240219;095935;585.600000000;194;9636095325;S
20240219;095935;585.600000000;3;9636095326;S
20240219;095935;585.600000000;2;9636095327;B
20240219;095935;585.600000000;2;9636095328;B
20240219;095935;585.600000000;2;9636095329;B
20240219;095935;585.600000000;1;9636095330;B
20240219;095935;585.600000000;4;9636095331;B
20240219;095935;585.600000000;3;9636095332;B
20240219;095935;585.600000000;2;9636095333;B
20240219;095935;585.600000000;8;9636095334;B
20240219;095935;585.600000000;1;9636095335;B
20240219;095935;585.600000000;2;9636095336;B
20240219;095935;585.600000000;4;9636095337;B
20240219;095935;585.600000000;2;9636095338;B
20240219;095935;585.600000000;2;9636095339;B
20240219;095935;585.600000000;3;9636095340;B
20240219;095935;585.600000000;150;9636095341;B
20240219;095935;585.600000000;1;9636095342;B
20240219;095935;585.600000000;12;9636095343;B
20240219;095935;585.600000000;3;9636095344;B
20240219;095935;585.600000000;99;9636095345;B
20240219;095935;585.600000000;2;9636095346;S
20240219;095935;585.600000000;2;9636095347;S
20240219;095935;585.600000000;3;9636095348;S
20240219;095935;585.600000000;1;9636095349;S
20240219;095935;585.600000000;2;9636095350;S
20240219;095935;585.600000000;9;9636095351;S
20240219;095935;585.600000000;3;9636095352;S
20240219;095935;585.600000000;9;9636095353;S
20240219;095935;585.600000000;25;9636095354;S
20240219;095935;585.600000000;1;9636095355;S
20240219;095935;585.600000000;1;9636095356;S
20240219;095935;585.600000000;1;9636095357;B
20240219;095935;585.600000000;5;9636095358;B
20240219;095935;585.600000000;5;9636095359;B
20240219;095935;585.600000000;1;9636095360;B
20240219;095935;585.600000000;11;9636095361;S
20240219;095935;585.600000000;2;9636095362;B
20240219;095935;585.600000000;1;9636095363;B
20240219;095935;585.600000000;1;9636095364;S
20240219;095935;585.600000000;2;9636095365;S
20240219;095935;585.600000000;10;9636095366;S
20240219;095935;585.600000000;4;9636095367;B
20240219;095935;585.600000000;2;9636095368;B
20240219;095935;585.600000000;2;9636095369;B
20240219;095935;585.600000000;12;9636095370;B
20240219;095935;585.600000000;2;9636095371;S
20240219;095935;585.600000000;8;9636095372;B
20240219;095935;585.600000000;1;9636095373;B
20240219;095935;585.600000000;5;9636095374;B
20240219;095935;585.600000000;2;9636095375;S
20240219;095935;585.600000000;2;9636095376;S
20240219;095935;585.600000000;1;9636095377;S
20240219;095935;585.600000000;17;9636095378;S
20240219;100000;585.600000000;200;9636102739;S
20240219;100000;585.600000000;39;9636102762;S
20240219;100000;585.600000000;36;9636102763;S
20240219;100000;585.600000000;2;9636102764;S
20240219;100000;585.600000000;1;9636102765;S
20240219;100000;585.600000000;10;9636102916;B
20240219;100000;585.600000000;12;9636102917;B
20240219;100000;585.600000000;10;9636102918;B
20240219;100000;585.600000000;2;9636103051;B
20240219;100000;585.550000000;2;9636103877;S
20240219;100000;585.550000000;4;9636103878;S
20240219;100001;585.600000000;188;9636103904;B
20240219;100001;585.600000000;12;9636103905;B
20240219;100001;585.550000000;5;9636103966;S
20240219;100001;585.550000000;2;9636103967;S
20240219;100001;585.550000000;80;9636103968;S
20240219;100001;585.550000000;2;9636103969;S
20240219;100001;585.550000000;2;9636103970;S
20240219;100001;585.550000000;2;9636103971;S
20240219;100001;585.550000000;2;9636103972;S
20240219;100001;585.550000000;1;9636103973;S
20240219;100001;585.550000000;6;9636103974;S
20240219;100001;585.550000000;5;9636103975;S
20240219;100001;585.550000000;1;9636103976;S
20240219;100001;585.550000000;1;9636103977;S
20240219;100001;585.550000000;80;9636103978;S
20240219;100001;585.550000000;1;9636103979;S
20240219;100001;585.550000000;3;9636103980;S
20240219;100001;585.550000000;7;9636103981;S
20240219;100001;585.600000000;88;9636104425;B
20240219;100001;585.600000000;475;9636104426;B
20240219;100001;585.550000000;2;9636104945;S
20240219;100001;585.550000000;2;9636104946;S
20240219;100001;585.550000000;1;9636104947;S
20240219;100001;585.550000000;1;9636104948;S
20240219;100002;585.550000000;1;9636105186;S
20240219;100002;585.550000000;2;9636105187;S
20240219;100002;585.550000000;1;9636105188;S
20240219;100002;585.550000000;1;9636105189;S
20240219;100002;585.550000000;1;9636105190;S
20240219;100002;585.550000000;3;9636105191;S
20240219;100002;585.550000000;1;9636105192;S
20240219;100002;585.550000000;2;9636105193;S
20240219;100002;585.550000000;1;9636105194;S
20240219;100002;585.550000000;42;9636105195;S
20240219;100002;585.600000000;25;9636105237;B
20240219;100002;585.600000000;23;9636105238;B
20240219;100002;585.550000000;10;9636105392;S
20240219;100002;585.550000000;2;9636105393;S
20240219;100002;585.550000000;7;9636105394;S
20240219;100002;585.550000000;8;9636105395;S
20240219;100002;585.550000000;1;9636105396;S
20240219;100002;585.550000000;2;9636105397;S
20240219;100002;585.550000000;57;9636105398;S
20240219;100004;585.600000000;2;9636106865;B
20240219;100005;585.600000000;32;9636106928;B
20240219;100005;585.650000000;85;9636106944;B
20240219;100005;585.650000000;15;9636106945;B
20240219;100005;585.650000000;2;9636107247;B
20240219;100005;585.650000000;2;9636107249;B
20240219;100005;585.650000000;2;9636107250;B
20240219;100005;585.550000000;5;9636107251;S
20240219;100005;585.650000000;2;9636107253;B
20240219;100005;585.650000000;1;9636107254;B
20240219;100005;585.650000000;2;9636107256;B
20240219;100005;585.650000000;1;9636107261;B
20240219;100005;585.650000000;2;9636107263;B
20240219;100005;585.550000000;1;9636107266;S
20240219;100005;585.650000000;2;9636107273;B
20240219;100005;585.650000000;1;9636107276;B
20240219;100005;585.650000000;2;9636107278;B
20240219;100005;585.650000000;1;9636107280;B
20240219;100005;585.650000000;2;9636107284;B
20240219;100005;585.550000000;2;9636107286;S
20240219;100005;585.650000000;1;9636107292;B
20240219;100005;585.650000000;1;9636107297;B
20240219;100005;585.650000000;2;9636107299;B
20240219;100005;585.650000000;1;9636107302;B
20240219;100005;585.650000000;1;9636107305;B
20240219;100005;585.650000000;2;9636107306;B
20240219;100005;585.650000000;10;9636107308;B
20240219;100005;585.650000000;2;9636107309;B
20240219;100005;585.650000000;2;9636107311;B
20240219;100005;585.650000000;2;9636107314;B
20240219;100005;585.650000000;1;9636107316;B
20240219;100005;585.550000000;3;9636107323;S
20240219;100005;585.650000000;2;9636107327;B
20240219;100005;585.650000000;1;9636107328;B
20240219;100005;585.550000000;2;9636107329;S
20240219;100005;585.650000000;2;9636107333;B
20240219;100005;585.650000000;1;9636107343;B
20240219;100005;585.650000000;2;9636107344;B
20240219;100005;585.550000000;2;9636107348;S
20240219;100005;585.650000000;1;9636107355;B
20240219;100005;585.650000000;2;9636107361;B
20240219;100005;585.650000000;2;9636107364;B
20240219;100005;585.650000000;2;9636107369;B
20240219;100005;585.650000000;2;9636107371;B
20240219;100005;585.650000000;1;9636107374;B
20240219;100005;585.650000000;1;9636107376;B
20240219;100005;585.650000000;2;9636107379;B
20240219;100005;585.550000000;8;9636107381;S
20240219;100005;585.550000000;2;9636107382;S
20240219;100005;585.650000000;17;9636107384;B
20240219;100005;585.700000000;2;9636107385;B
20240219;100005;585.800000000;15;9636107386;B
20240219;100005;585.800000000;2;9636107387;B
20240219;100005;585.850000000;2;9636107389;B
20240219;100005;585.850000000;2;9636107393;B
20240219;100005;585.850000000;2;9636107406;B
20240219;100005;585.850000000;1;9636107410;B
20240219;100005;585.850000000;18;9636107412;B
20240219;100005;585.850000000;1;9636107414;B
20240219;100005;585.850000000;2;9636107418;B
20240219;100005;585.850000000;1;9636107419;B
20240219;100005;585.850000000;1;9636107421;B
20240219;100005;585.850000000;1;9636107423;B
20240219;100005;585.850000000;2;9636107424;B
20240219;100005;585.850000000;2;9636107426;B
20240219;100005;585.550000000;2;9636107434;S
20240219;100005;585.850000000;1;9636107439;B
20240219;100005;585.850000000;2;9636107450;B
20240219;100005;585.850000000;2;9636107452;B
20240219;100005;585.850000000;2;9636107453;B
20240219;100005;585.550000000;1;9636107459;S
20240219;100005;585.850000000;2;9636107462;B
20240219;100005;585.850000000;2;9636107472;B
20240219;100005;585.850000000;2;9636107474;B
20240219;100005;585.850000000;1;9636107477;B
20240219;100005;585.550000000;3;9636107480;S
20240219;100005;585.850000000;1;9636107492;B
20240219;100005;585.850000000;1;9636107494;B
20240219;100005;585.850000000;1;9636107504;B
20240219;100005;585.850000000;2;9636107510;B
20240219;100005;585.850000000;1;9636107518;B
20240219;100005;585.850000000;1;9636107523;B
20240219;100005;585.850000000;2;9636107525;B
20240219;100005;585.850000000;2;9636107530;B
20240219;100005;585.850000000;2;9636107541;B
20240219;100005;585.850000000;1;9636107605;B
20240219;100005;585.550000000;2;9636107606;S
20240219;100005;585.850000000;2;9636107613;B
20240219;100005;585.850000000;2;9636107615;B
20240219;100005;585.850000000;2;9636107625;B
20240219;100005;585.850000000;2;9636107629;B
20240219;100005;585.550000000;1;9636107633;S
20240219;100005;585.850000000;2;9636107638;B
20240219;100005;585.850000000;1;9636107646;B
20240219;100005;585.550000000;3;9636107650;S
20240219;100005;585.850000000;2;9636107657;B
20240219;100005;585.850000000;2;9636107661;B
20240219;100005;585.850000000;1;9636107667;B
20240219;100005;585.850000000;2;9636107671;B
20240219;100005;585.550000000;2;9636107677;S
20240219;100005;585.550000000;2;9636107687;S
20240219;100005;585.850000000;2;9636107703;B
20240219;100005;585.850000000;4;9636107720;B
20240219;100005;585.850000000;1;9636107724;B
20240219;100005;585.850000000;1;9636107737;B
20240219;100005;585.550000000;2;9636107742;S
20240219;100005;585.550000000;2;9636107749;S
20240219;100005;585.550000000;2;9636107755;S
20240219;100005;585.850000000;1;9636107761;B
20240219;100005;585.550000000;2;9636107769;S
20240219;100005;585.850000000;2;9636107777;B
20240219;100005;585.850000000;1;9636107781;B
20240219;100005;585.850000000;2;9636107788;B
20240219;100005;585.550000000;2;9636107793;S
20240219;100005;585.850000000;2;9636107805;B
20240219;100005;585.850000000;2;9636107811;B
20240219;100005;585.850000000;2;9636107817;B
20240219;100005;585.850000000;1;9636107822;B
20240219;100005;585.850000000;1;9636107830;B
20240219;100005;585.850000000;1;9636107833;B
20240219;100005;585.550000000;2;9636107838;S
20240219;100005;585.850000000;1;9636107848;B
20240219;100005;585.850000000;2;9636107851;B
20240219;100005;585.850000000;2;9636107857;B
20240219;100005;585.850000000;1;9636107862;B
20240219;100005;585.850000000;1;9636107864;B
20240219;100005;585.850000000;2;9636107875;B
20240219;100005;585.850000000;3;9636107893;B
20240219;100005;585.850000000;2;9636107894;B
20240219;100005;585.850000000;2;9636107906;B
20240219;100005;585.550000000;1;9636107907;S
20240219;100005;585.850000000;1;9636107913;B
20240219;100005;585.850000000;2;9636107916;B
20240219;100005;585.550000000;1;9636107922;S
20240219;100005;585.850000000;1;9636107935;B
20240219;100005;585.850000000;1;9636107943;B
20240219;100005;585.850000000;2;9636107955;B
20240219;100005;585.550000000;1;9636107960;S
20240219;100005;585.850000000;2;9636107964;B
20240219;100005;585.550000000;1;9636107975;S
20240219;100005;585.550000000;2;9636107978;S
20240219;100005;585.850000000;2;9636107984;B
20240219;100005;585.850000000;1;9636107986;B
20240219;100005;585.550000000;2;9636107989;S
20240219;100005;585.850000000;2;9636107994;B
20240219;100005;585.850000000;2;9636107998;B
20240219;100005;585.850000000;2;9636108002;B
20240219;100005;585.550000000;1;9636108003;S
20240219;100005;585.550000000;1;9636108008;S
20240219;100005;585.550000000;1;9636108009;S
20240219;100005;585.850000000;2;9636108013;B
20240219;100005;585.550000000;5;9636108028;S
20240219;100005;585.850000000;1;9636108062;B
20240219;100005;585.550000000;2;9636108442;S
20240219;100005;585.850000000;2;9636108448;B
20240219;100005;585.850000000;17;9636108465;B
20240219;100005;585.850000000;2;9636108466;B
20240219;100005;585.500000000;1;9636108474;S
20240219;100005;585.500000000;1;9636108475;S
20240219;100005;585.850000000;1;9636108479;B
20240219;100005;585.850000000;2;9636108485;B
20240219;100005;585.850000000;1;9636108487;B
20240219;100005;585.850000000;2;9636108491;B
20240219;100005;585.850000000;2;9636108495;B
20240219;100005;585.850000000;1;9636108497;B
20240219;100005;585.850000000;2;9636108499;B
20240219;100005;585.500000000;1;9636108500;S
20240219;100005;585.850000000;2;9636108504;B
20240219;100005;585.850000000;1;9636108509;B
20240219;100005;585.850000000;1;9636108512;B
20240219;100005;585.850000000;1;9636108514;B
20240219;100005;585.850000000;1;9636108517;B
20240219;100005;585.500000000;2;9636108520;S
20240219;100005;585.850000000;2;9636108523;B
20240219;100005;585.850000000;2;9636108525;B
20240219;100005;585.850000000;1;9636108529;B
20240219;100005;585.850000000;2;9636108538;B
20240219;100005;585.850000000;1;9636108545;B
20240219;100005;585.850000000;2;9636108550;B
20240219;100005;585.850000000;1;9636108553;B
20240219;100005;585.850000000;1;9636108556;B
20240219;100005;585.500000000;1;9636108563;S
20240219;100005;585.850000000;2;9636108565;B
20240219;100005;585.850000000;2;9636108566;B
20240219;100005;585.850000000;2;9636108573;B
20240219;100005;585.500000000;2;9636108582;S
20240219;100005;585.850000000;2;9636108589;B
20240219;100005;585.500000000;2;9636108594;S
20240219;100005;585.850000000;2;9636108601;B
20240219;100005;585.850000000;4;9636108610;B
20240219;100005;585.500000000;1;9636108611;S
20240219;100005;585.500000000;1;9636108612;S
20240219;100005;585.850000000;1;9636108622;B
20240219;100005;585.850000000;2;9636108628;B
20240219;100005;585.500000000;2;9636108643;S
20240219;100005;585.850000000;2;9636108650;B
20240219;100005;585.850000000;1;9636108666;B
20240219;100005;585.500000000;1;9636108669;S
20240219;100005;585.500000000;1;9636108670;S
20240219;100005;585.500000000;2;9636108677;S
20240219;100005;585.850000000;2;9636108684;B
20240219;100005;585.500000000;2;9636108688;S
20240219;100005;585.850000000;1;9636108698;B
20240219;100005;585.500000000;2;9636108721;S
20240219;100005;585.850000000;2;9636108739;B
20240219;100005;585.500000000;1;9636108742;S
20240219;100005;585.850000000;2;9636108747;B
20240219;100005;585.850000000;2;9636108750;B
20240219;100005;585.850000000;1;9636108760;B
20240219;100005;585.500000000;2;9636108764;S
20240219;100005;585.850000000;2;9636108771;B
20240219;100005;585.850000000;1;9636108774;B
20240219;100005;585.500000000;2;9636108790;S
20240219;100005;585.850000000;1;9636108805;B
20240219;100005;585.850000000;2;9636108809;B
20240219;100005;585.500000000;2;9636108815;S
20240219;100005;585.850000000;2;9636108830;B
20240219;100005;585.500000000;3;9636108835;S
20240219;100005;585.500000000;2;9636108846;S
20240219;100005;585.850000000;1;9636108857;B
20240219;100005;585.500000000;2;9636108866;S
20240219;100005;585.850000000;2;9636108874;B
20240219;100005;585.850000000;1;9636108888;B
20240219;100005;585.500000000;2;9636108899;S
20240219;100005;585.500000000;2;9636108912;S
20240219;100005;585.850000000;2;9636108926;B
20240219;100005;585.500000000;1;9636108929;S
20240219;100005;585.500000000;2;9636108934;S
20240219;100005;585.500000000;1;9636108946;S
20240219;100005;585.850000000;2;9636108953;B
20240219;100005;585.500000000;2;9636108960;S
20240219;100005;585.850000000;10;9636108964;B
20240219;100005;585.850000000;2;9636108991;B
20240219;100005;585.500000000;2;9636108994;S
20240219;100005;585.850000000;2;9636109003;B
20240219;100005;585.500000000;2;9636109030;S
20240219;100005;585.850000000;1;9636109049;B
20240219;100005;585.850000000;17;9636109072;B
20240219;100005;585.850000000;1;9636109131;B
20240219;100005;585.550000000;2;9636109156;S
20240219;100005;585.850000000;1;9636109187;B
20240219;100005;585.850000000;1;9636109188;B
20240219;100005;585.850000000;1;9636109191;B
20240219;100005;585.850000000;1;9636109195;B
20240219;100005;585.550000000;2;9636109199;S
20240219;100006;585.850000000;1;9636109206;B
20240219;100006;585.850000000;3;9636109208;B
20240219;100006;585.850000000;1;9636109212;B
20240219;100006;585.550000000;2;9636109215;S
20240219;100006;585.850000000;1;9636109223;B
20240219;100006;585.850000000;1;9636109226;B
20240219;100006;585.550000000;2;9636109229;S
20240219;100006;585.850000000;2;9636109236;B
20240219;100006;585.850000000;2;9636109239;B
20240219;100006;585.850000000;2;9636109242;B
20240219;100006;585.550000000;2;9636109247;S
20240219;100006;585.850000000;2;9636109268;B
20240219;100006;585.550000000;2;9636109276;S
20240219;100006;585.850000000;2;9636109279;B
20240219;100006;585.550000000;1;9636109283;S
20240219;100006;585.850000000;1;9636109284;B
20240219;100006;585.850000000;2;9636109291;B
20240219;100006;585.850000000;2;9636109302;B
20240219;100006;585.550000000;2;9636109303;S
20240219;100006;585.850000000;2;9636109304;B
20240219;100006;585.850000000;1;9636109310;B
20240219;100006;585.850000000;2;9636109312;B
20240219;100006;585.850000000;8;9636109318;B
20240219;100006;585.850000000;2;9636109321;B
20240219;100006;585.850000000;2;9636109322;B
20240219;100006;585.850000000;2;9636109323;B
20240219;100006;585.850000000;1;9636109327;B
20240219;100006;585.850000000;1;9636109328;B
20240219;100006;585.850000000;2;9636109332;B
20240219;100006;585.850000000;5;9636109335;B
20240219;100006;585.850000000;1;9636109338;B
20240219;100006;585.850000000;1;9636109346;B
20240219;100006;585.850000000;2;9636109351;B
20240219;100006;585.850000000;1;9636109353;B
20240219;100006;585.850000000;2;9636109354;B
20240219;100006;585.850000000;5;9636109363;B
20240219;100006;585.850000000;2;9636109365;B
20240219;100006;585.850000000;1;9636109367;B
20240219;100006;585.850000000;2;9636109375;B
20240219;100006;585.550000000;2;9636109377;S
20240219;100006;585.850000000;2;9636109379;B
20240219;100006;585.900000000;1;9636109383;B
20240219;100006;585.900000000;1;9636109403;B
20240219;100006;585.900000000;2;9636109407;B
20240219;100006;585.550000000;1;9636109412;S
20240219;100006;585.550000000;1;9636109417;S
20240219;100006;585.850000000;1;9636109420;B
20240219;100006;585.850000000;1;9636109422;B
20240219;100006;585.850000000;1;9636109430;B
20240219;100006;585.850000000;17;9636109435;B
20240219;100006;585.850000000;1;9636109444;B
20240219;100006;585.850000000;1;9636109446;B
20240219;100006;585.550000000;2;9636109449;S
20240219;100006;585.850000000;2;9636109457;B
20240219;100006;585.850000000;1;9636109462;B
20240219;100006;585.550000000;2;9636109465;S
20240219;100006;585.850000000;1;9636109470;B
20240219;100006;585.550000000;1;9636109474;S
20240219;100006;585.550000000;2;9636109480;S
20240219;100006;585.850000000;1;9636109481;B
20240219;100006;585.850000000;2;9636109484;B
20240219;100006;585.850000000;2;9636109487;B
20240219;100006;585.850000000;1;9636109490;B
20240219;100006;585.550000000;2;9636109491;S
20240219;100006;585.850000000;2;9636109493;B
20240219;100006;585.550000000;10;9636109498;S
20240219;100006;585.550000000;2;9636109501;S
20240219;100006;585.850000000;1;9636109503;B
20240219;100006;585.850000000;1;9636109505;B
20240219;100006;585.550000000;8;9636109509;S
20240219;100006;585.550000000;2;9636109510;S
20240219;100006;585.850000000;2;9636109515;B
20240219;100006;585.850000000;1;9636109517;B
20240219;100006;585.850000000;2;9636109524;B
20240219;100006;585.550000000;2;9636109531;S
20240219;100006;585.850000000;2;9636109534;B
20240219;100006;585.850000000;1;9636109538;B
20240219;100006;585.850000000;1;9636109545;B
20240219;100006;585.850000000;1;9636109546;B
20240219;100006;585.850000000;1;9636109551;B
20240219;100006;585.850000000;2;9636109558;B
20240219;100006;585.850000000;1;9636109562;B
20240219;100006;585.850000000;2;9636109563;B
20240219;100006;585.850000000;2;9636109564;B
20240219;100006;585.550000000;2;9636109565;S
20240219;100006;585.850000000;2;9636109567;B
20240219;100006;585.850000000;1;9636109577;B
20240219;100006;585.850000000;1;9636109581;B
20240219;100006;585.550000000;2;9636109599;S
20240219;100006;585.850000000;2;9636109608;B
20240219;100006;585.850000000;1;9636109652;B
20240219;100006;585.850000000;1;9636109675;B
20240219;100006;585.850000000;1;9636109703;B
20240219;100006;585.850000000;2;9636109707;B
20240219;100006;585.850000000;2;9636109714;B
20240219;100006;585.850000000;1;9636109717;B
20240219;100006;585.850000000;1;9636109718;B
20240219;100006;585.850000000;1;9636109732;B
20240219;100006;585.850000000;2;9636109767;B
20240219;100006;585.850000000;2;9636109829;B
20240219;100006;585.550000000;2;9636109848;S
20240219;100006;585.550000000;2;9636109880;S
20240219;100006;585.550000000;2;9636109892;S
20240219;100006;585.850000000;2;9636109894;B
20240219;100006;585.550000000;1;9636109896;S
20240219;100006;585.550000000;2;9636109906;S
20240219;100006;585.850000000;1;9636109909;B
20240219;100006;585.550000000;2;9636109911;S
20240219;100006;585.850000000;2;9636109918;B
20240219;100006;585.850000000;1;9636109919;B
20240219;100006;585.550000000;10;9636109920;S
20240219;100006;585.550000000;2;9636109923;S
20240219;100006;585.550000000;2;9636109929;S
20240219;100006;585.850000000;2;9636109931;B
20240219;100006;585.550000000;3;9636109942;S
20240219;100006;585.850000000;2;9636109945;B
20240219;100006;585.850000000;2;9636109947;B
20240219;100006;585.850000000;1;9636109949;B
20240219;100006;585.850000000;2;9636109950;B
20240219;100006;585.850000000;2;9636109953;B
20240219;100006;585.850000000;1;9636109955;B
20240219;100006;585.550000000;2;9636109956;S
20240219;100006;585.550000000;3;9636109957;S
20240219;100006;585.850000000;1;9636109962;B
20240219;100006;585.850000000;2;9636109967;B
20240219;100006;585.550000000;4;9636109968;S
20240219;100006;585.850000000;1;9636109975;B
20240219;100006;585.550000000;3;9636109977;S
20240219;100006;585.550000000;2;9636109978;S
20240219;100006;585.850000000;1;9636109986;B
20240219;100006;585.850000000;1;9636109988;B
20240219;100006;585.850000000;1;9636109990;B
20240219;100006;585.850000000;2;9636109996;B
20240219;100006;585.850000000;2;9636109999;B
20240219;100006;585.850000000;2;9636110001;B
20240219;100006;585.850000000;1;9636110006;B
20240219;100006;585.550000000;2;9636110007;S
20240219;100006;585.850000000;1;9636110012;B
20240219;100006;585.550000000;1;9636110013;S
20240219;100006;585.550000000;2;9636110015;S
20240219;100006;585.850000000;2;9636110021;B
20240219;100006;585.850000000;2;9636110022;B
20240219;100006;585.850000000;2;9636110023;B
20240219;100006;585.850000000;1;9636110024;B
20240219;100006;585.850000000;1;9636110028;B
20240219;100006;585.850000000;2;9636110030;B
20240219;100006;585.850000000;3;9636110031;B
20240219;100006;585.850000000;2;9636110032;B
20240219;100006;585.850000000;1;9636110033;B
20240219;100006;585.850000000;1;9636110034;B
20240219;100006;585.550000000;2;9636110035;S
20240219;100006;585.850000000;1;9636110038;B
20240219;100006;585.850000000;3;9636110039;B
20240219;100006;585.850000000;2;9636110041;B
20240219;100006;585.850000000;2;9636110042;B
20240219;100006;585.850000000;3;9636110047;B
20240219;100006;585.850000000;1;9636110048;B
20240219;100006;585.850000000;2;9636110049;B
20240219;100006;585.850000000;1;9636110050;B
20240219;100006;585.850000000;2;9636110052;B
20240219;100006;585.850000000;1;9636110053;B
20240219;100006;585.550000000;2;9636110054;S
20240219;100006;585.850000000;1;9636110056;B
20240219;100006;585.550000000;1;9636110057;S
20240219;100006;585.850000000;1;9636110058;B
20240219;100006;585.850000000;1;9636110060;B
20240219;100006;585.550000000;2;9636110061;S
20240219;100006;585.850000000;2;9636110062;B
20240219;100006;585.550000000;2;9636110063;S
20240219;100006;585.550000000;3;9636110065;S
20240219;100006;585.850000000;60;9636110066;B
20240219;100006;585.850000000;25;9636110067;B
20240219;100006;585.850000000;1;9636110070;B
20240219;100006;585.850000000;1;9636110071;B
20240219;100006;585.550000000;1;9636110072;S
20240219;100006;585.850000000;1;9636110073;B
20240219;100006;585.850000000;1;9636110074;B
20240219;100006;585.850000000;2;9636110100;B
20240219;100006;585.850000000;2;9636110154;B
20240219;100006;585.850000000;2;9636110172;B
20240219;100006;585.550000000;2;9636110183;S
20240219;100006;585.550000000;2;9636110197;S
20240219;100006;585.850000000;1;9636110213;B
20240219;100006;585.550000000;2;9636110269;S
20240219;100006;585.550000000;2;9636110283;S
20240219;100006;585.850000000;2;9636110301;B
20240219;100006;585.850000000;1;9636110307;B
20240219;100006;585.850000000;2;9636110312;B
20240219;100006;585.850000000;1;9636110337;B
20240219;100006;585.850000000;2;9636110346;B
20240219;100006;585.850000000;1;9636110355;B
20240219;100006;585.850000000;2;9636110366;B
20240219;100006;585.850000000;2;9636110370;B
20240219;100006;585.850000000;2;9636110383;B
20240219;100006;585.850000000;2;9636110388;B
20240219;100006;585.550000000;1;9636110391;S
20240219;100006;585.850000000;1;9636110398;B
20240219;100006;585.850000000;1;9636110402;B
20240219;100006;585.850000000;2;9636110407;B
20240219;100006;585.850000000;10;9636110414;B
20240219;100006;585.850000000;2;9636110417;B
20240219;100006;585.550000000;1;9636110419;S
20240219;100006;585.550000000;2;9636110424;S
20240219;100006;585.850000000;1;9636110431;B
20240219;100006;585.850000000;1;9636110434;B
20240219;100006;585.550000000;1;9636110440;S
20240219;100006;585.850000000;2;9636110442;B
20240219;100006;585.850000000;2;9636110445;B
20240219;100006;585.850000000;5;9636110447;B
20240219;100006;585.550000000;2;9636110448;S
20240219;100006;585.850000000;1;9636110769;B
20240219;100006;585.550000000;2;9636110774;S
20240219;100006;585.850000000;1;9636110784;B
20240219;100006;585.850000000;2;9636110787;B
20240219;100006;585.850000000;1;9636110790;B
20240219;100006;585.850000000;2;9636110793;B
20240219;100006;585.850000000;2;9636110797;B
20240219;100006;585.850000000;2;9636110798;B
20240219;100006;585.850000000;2;9636110804;B
20240219;100006;585.850000000;1;9636110810;B
20240219;100006;585.850000000;1;9636110820;B
20240219;100006;585.850000000;1;9636110828;B
20240219;100006;585.850000000;2;9636110839;B
20240219;100006;585.850000000;1;9636110852;B
20240219;100006;585.850000000;2;9636110860;B
20240219;100006;585.850000000;1;9636110870;B
20240219;100006;585.850000000;1;9636110879;B
20240219;100006;585.850000000;2;9636110898;B
20240219;100006;585.550000000;2;9636110908;S
20240219;100006;585.850000000;1;9636110919;B
20240219;100006;585.850000000;1;9636110924;B
20240219;100006;585.550000000;1;9636110929;S
20240219;100006;585.850000000;1;9636110932;B
20240219;100006;585.550000000;2;9636110938;S
20240219;100006;585.850000000;1;9636110939;B
20240219;100006;585.850000000;2;9636110942;B
20240219;100006;585.850000000;1;9636110943;B
20240219;100006;585.850000000;1;9636110944;B
20240219;100006;585.850000000;1;9636110946;B
20240219;100006;585.550000000;2;9636110948;S
20240219;100006;585.850000000;1;9636110950;B
20240219;100006;585.550000000;2;9636110951;S
20240219;100006;585.850000000;2;9636110955;B
20240219;100006;585.850000000;1;9636110957;B
20240219;100006;585.850000000;1;9636110958;B
20240219;100006;585.550000000;2;9636110959;S
20240219;100006;585.850000000;2;9636110960;B
20240219;100006;585.550000000;2;9636110961;S
20240219;100006;585.850000000;1;9636110962;B
20240219;100006;585.850000000;1;9636110963;B
20240219;100006;585.550000000;2;9636110964;S
20240219;100006;585.850000000;1;9636110965;B
20240219;100006;585.850000000;1;9636110966;B
20240219;100006;585.550000000;2;9636110967;S
20240219;100006;585.550000000;2;9636110969;S
20240219;100006;585.850000000;1;9636110970;B
20240219;100006;585.550000000;2;9636110972;S
20240219;100006;585.550000000;2;9636110973;S
20240219;100006;585.850000000;2;9636110974;B
20240219;100006;585.550000000;2;9636110975;S
20240219;100006;585.900000000;2;9636110978;B
20240219;100006;585.900000000;2;9636110979;B
20240219;100006;585.900000000;2;9636110980;B
20240219;100006;585.850000000;2;9636110982;B
20240219;100006;585.850000000;2;9636110983;B
20240219;100006;585.850000000;1;9636110986;B
20240219;100006;585.850000000;1;9636110988;B
20240219;100006;585.850000000;2;9636110989;B
20240219;100006;585.550000000;4;9636110990;S
20240219;100006;585.550000000;1;9636110991;S
20240219;100006;585.550000000;2;9636110992;S
20240219;100006;585.550000000;1;9636110993;S
20240219;100006;585.550000000;2;9636110994;S
20240219;100006;585.850000000;3;9636110995;B
20240219;100006;585.550000000;1;9636110996;S
20240219;100006;585.550000000;2;9636110998;S
20240219;100006;585.850000000;1;9636110999;B
20240219;100006;585.900000000;2;9636111000;B
20240219;100006;585.550000000;1;9636111003;S
20240219;100006;585.550000000;2;9636111025;S
20240219;100006;585.850000000;1;9636111046;B
20240219;100006;585.850000000;2;9636111047;B
20240219;100006;585.850000000;1;9636111048;B
20240219;100006;585.850000000;1;9636111212;B
20240219;100006;585.850000000;1;9636111213;B
20240219;100006;585.850000000;2;9636111215;B
20240219;100006;585.550000000;2;9636111218;S
20240219;100006;585.550000000;2;9636111219;S
20240219;100006;585.850000000;2;9636111221;B
20240219;100006;585.850000000;1;9636111224;B
20240219;100006;585.850000000;1;9636111233;B
20240219;100006;585.850000000;1;9636111236;B
20240219;100006;585.850000000;1;9636111239;B
20240219;100006;585.550000000;2;9636111242;S
20240219;100006;585.850000000;1;9636111245;B
20240219;100006;585.900000000;2;9636111248;B
20240219;100006;585.850000000;2;9636111250;B
20240219;100006;585.850000000;1;9636111252;B
20240219;100006;585.900000000;1;9636111270;B
20240219;100006;585.550000000;2;9636111271;S
20240219;100006;585.850000000;1;9636111274;B
20240219;100006;585.850000000;2;9636111276;B
20240219;100006;585.900000000;2;9636111277;B
20240219;100006;585.850000000;1;9636111279;B
20240219;100006;585.900000000;1;9636111280;B
20240219;100006;585.850000000;1;9636111286;B
20240219;100006;585.550000000;3;9636111288;S
20240219;100006;585.550000000;1;9636111289;S
20240219;100006;585.550000000;2;9636111290;S
20240219;100006;585.550000000;2;9636111292;S
20240219;100006;585.850000000;1;9636111295;B
20240219;100006;585.550000000;2;9636111297;S
20240219;100006;585.850000000;8;9636111302;B
20240219;100006;585.550000000;10;9636111303;S
20240219;100006;585.900000000;1;9636111307;B
20240219;100006;585.850000000;2;9636111310;B
20240219;100006;585.550000000;2;9636111313;S
20240219;100006;585.850000000;2;9636111315;B
20240219;100006;585.550000000;1;9636111367;S
20240219;100006;585.850000000;1;9636111369;B
20240219;100006;585.900000000;2;9636111371;B
20240219;100006;585.550000000;1;9636111373;S
20240219;100006;585.550000000;2;9636111375;S
20240219;100006;585.550000000;1;9636111376;S
20240219;100006;585.850000000;2;9636111378;B
20240219;100006;585.900000000;1;9636111379;B
20240219;100006;585.850000000;1;9636111382;B
20240219;100006;585.900000000;2;9636111384;B
20240219;100006;585.550000000;2;9636111385;S
20240219;100006;585.850000000;2;9636111393;B
20240219;100006;585.550000000;1;9636111397;S
20240219;100006;585.550000000;3;9636111400;S
20240219;100007;585.850000000;2;9636111404;B
20240219;100007;585.850000000;2;9636111407;B
20240219;100007;585.850000000;1;9636111412;B
20240219;100007;585.550000000;2;9636111416;S
20240219;100007;585.900000000;2;9636111418;B
20240219;100007;585.550000000;2;9636111419;S
20240219;100007;585.550000000;4;9636111423;S
20240219;100007;585.850000000;2;9636111426;B
20240219;100007;585.550000000;2;9636111431;S
20240219;100007;585.850000000;2;9636111433;B
20240219;100007;585.550000000;2;9636111440;S
20240219;100007;585.550000000;2;9636111441;S
20240219;100007;585.850000000;2;9636111444;B
20240219;100007;585.550000000;3;9636111448;S
20240219;100007;585.550000000;3;9636111492;S
20240219;100007;585.850000000;2;9636111499;B
20240219;100007;585.550000000;1;9636111504;S
20240219;100007;585.850000000;2;9636111506;B
20240219;100007;585.550000000;1;9636111513;S
20240219;100007;585.850000000;2;9636111514;B
20240219;100007;585.550000000;1;9636111519;S
20240219;100007;585.550000000;2;9636111521;S
20240219;100007;585.850000000;1;9636111527;B
20240219;100007;585.550000000;2;9636111533;S
20240219;100007;585.900000000;1;9636111535;B
20240219;100007;585.900000000;2;9636111539;B
20240219;100007;585.900000000;2;9636111544;B
20240219;100007;585.850000000;1;9636111556;B
20240219;100007;585.850000000;2;9636111558;B
20240219;100007;585.900000000;2;9636111570;B
20240219;100007;585.900000000;1;9636111572;B
20240219;100007;585.850000000;2;9636111575;B
20240219;100007;585.850000000;2;9636111580;B
20240219;100007;585.550000000;2;9636111588;S
20240219;100007;585.550000000;2;9636111589;S
20240219;100007;585.550000000;2;9636111596;S
20240219;100007;585.850000000;2;9636111599;B
20240219;100007;585.850000000;2;9636111604;B
20240219;100007;585.550000000;2;9636111605;S
20240219;100007;585.900000000;1;9636111611;B
20240219;100007;585.900000000;2;9636111613;B
20240219;100007;585.900000000;2;9636111616;B
20240219;100007;585.550000000;1;9636111618;S
20240219;100007;585.550000000;1;9636111624;S
20240219;100007;585.850000000;1;9636111625;B
20240219;100007;585.550000000;2;9636111629;S
20240219;100007;585.900000000;2;9636111631;B
20240219;100007;585.900000000;2;9636111636;B
20240219;100007;585.900000000;2;9636111637;B
20240219;100007;585.900000000;2;9636111638;B
20240219;100007;585.550000000;2;9636111641;S
20240219;100007;585.550000000;2;9636111645;S
20240219;100007;585.550000000;2;9636111647;S
20240219;100007;585.550000000;2;9636111649;S
20240219;100007;585.850000000;2;9636111650;B
20240219;100007;585.900000000;1;9636111657;B
20240219;100007;585.900000000;2;9636111658;B
20240219;100007;585.850000000;1;9636111664;B
20240219;100007;585.850000000;3;9636111665;B
20240219;100007;585.550000000;1;9636111666;S
20240219;100007;585.850000000;2;9636111667;B
20240219;100007;585.850000000;2;9636111674;B
20240219;100007;585.850000000;2;9636111681;B
20240219;100007;585.550000000;1;9636111685;S
20240219;100007;585.850000000;2;9636111686;B
20240219;100007;585.850000000;1;9636111688;B
20240219;100007;585.900000000;2;9636111690;B
20240219;100007;585.850000000;1;9636111699;B
20240219;100007;585.900000000;4;9636111703;B
20240219;100007;585.850000000;2;9636111707;B
20240219;100007;585.550000000;2;9636111711;S
20240219;100007;585.900000000;2;9636111712;B
20240219;100007;585.850000000;1;9636111717;B
20240219;100007;585.550000000;2;9636111723;S
20240219;100007;585.550000000;3;9636111727;S
20240219;100007;585.850000000;2;9636111731;B
20240219;100007;585.850000000;2;9636111736;B
20240219;100007;585.900000000;2;9636111740;B
20240219;100007;585.850000000;1;9636111749;B
20240219;100007;585.850000000;1;9636111750;B
20240219;100007;585.550000000;1;9636111757;S
20240219;100007;585.900000000;1;9636111758;B
20240219;100007;585.850000000;1;9636111768;B
20240219;100007;585.900000000;1;9636111775;B
20240219;100007;585.900000000;2;9636111776;B
20240219;100007;585.550000000;1;9636111785;S
20240219;100007;585.850000000;2;9636111788;B
20240219;100007;585.550000000;1;9636111794;S
20240219;100007;585.550000000;2;9636111797;S
20240219;100007;585.850000000;2;9636111802;B
20240219;100007;585.850000000;1;9636111805;B
20240219;100007;585.900000000;1;9636111811;B
20240219;100007;585.550000000;4;9636111813;S
20240219;100007;585.850000000;2;9636111817;B
20240219;100007;585.850000000;1;9636111836;B
20240219;100007;585.900000000;2;9636111840;B
20240219;100007;585.900000000;1;9636111844;B
20240219;100007;585.850000000;1;9636111854;B
20240219;100007;585.850000000;1;9636111856;B
20240219;100007;585.900000000;2;9636111863;B
20240219;100007;585.850000000;2;9636111865;B
20240219;100007;585.850000000;1;9636111870;B
20240219;100007;585.900000000;2;9636111874;B
20240219;100007;585.900000000;1;9636111876;B
20240219;100007;585.850000000;1;9636111880;B
20240219;100007;585.550000000;2;9636111883;S
20240219;100007;585.900000000;10;9636111885;B
20240219;100007;585.850000000;1;9636111890;B
20240219;100007;585.850000000;1;9636111891;B
20240219;100007;585.850000000;2;9636111894;B
20240219;100007;585.900000000;2;9636111899;B
20240219;100007;585.550000000;6;9636111902;S
20240219;100007;585.900000000;10;9636111903;B
20240219;100007;585.550000000;1;9636111908;S
20240219;100007;585.550000000;2;9636111909;S
20240219;100007;585.850000000;1;9636111917;B
20240219;100007;585.850000000;2;9636111919;B
20240219;100007;585.550000000;1;9636111921;S
20240219;100007;585.850000000;1;9636111923;B
20240219;100007;585.550000000;2;9636111926;S
20240219;100007;585.900000000;2;9636111927;B
20240219;100007;585.850000000;1;9636111931;B
20240219;100007;585.850000000;2;9636111934;B
20240219;100007;585.850000000;4;9636111935;B
20240219;100007;585.550000000;1;9636111938;S
20240219;100007;585.550000000;2;9636111940;S
20240219;100007;585.850000000;1;9636111944;B
20240219;100007;585.850000000;2;9636111946;B
20240219;100007;585.550000000;2;9636111950;S
20240219;100007;585.900000000;1;9636111951;B
20240219;100007;585.900000000;2;9636111954;B
20240219;100007;585.850000000;1;9636111958;B
20240219;100007;585.900000000;2;9636111962;B
20240219;100007;585.900000000;1;9636111965;B
20240219;100007;585.550000000;2;9636111966;S
20240219;100007;585.850000000;10;9636111976;B
20240219;100007;585.550000000;1;9636111982;S
20240219;100007;585.500000000;13;9636111983;S
20240219;100007;585.850000000;1;9636111986;B
20240219;100007;585.500000000;2;9636111988;S
20240219;100007;585.900000000;2;9636111997;B
20240219;100007;585.500000000;1;9636112002;S
20240219;100007;585.500000000;5;9636112006;S
20240219;100007;585.850000000;1;9636112008;B
20240219;100007;585.500000000;2;9636112017;S
20240219;100007;585.500000000;4;9636112026;S
20240219;100007;585.500000000;2;9636112027;S
20240219;100007;585.500000000;2;9636112028;S
20240219;100007;585.500000000;1;9636112029;S
20240219;100007;585.500000000;2;9636112030;S
20240219;100007;585.500000000;1;9636112031;S
20240219;100007;585.500000000;1;9636112032;S
20240219;100007;585.500000000;2;9636112033;S
20240219;100007;585.850000000;1;9636112036;B
20240219;100007;585.900000000;2;9636112042;B
20240219;100007;585.500000000;1;9636112043;S
20240219;100007;585.850000000;1;9636112046;B
20240219;100007;585.500000000;2;9636112049;S
20240219;100007;585.500000000;2;9636112053;S
20240219;100007;585.500000000;1;9636112055;S
20240219;100007;585.500000000;1;9636112056;S
20240219;100007;585.850000000;3;9636112064;B
20240219;100007;585.900000000;2;9636112068;B
20240219;100007;585.900000000;1;9636112071;B
20240219;100007;585.500000000;1;9636112072;S
20240219;100007;585.850000000;1;9636112076;B
20240219;100007;585.850000000;1;9636112079;B
20240219;100007;585.500000000;1;9636112082;S
20240219;100007;585.500000000;2;9636112083;S
20240219;100007;585.500000000;2;9636112084;S
20240219;100007;585.500000000;1;9636112085;S
20240219;100007;585.500000000;1;9636112088;S
20240219;100007;585.850000000;1;9636112095;B
20240219;100007;585.500000000;1;9636112104;S
20240219;100007;585.500000000;1;9636112105;S
20240219;100007;585.900000000;1;9636112107;B
20240219;100007;585.850000000;2;9636112113;B
20240219;100007;585.850000000;2;9636112114;B
20240219;100007;585.900000000;1;9636112122;B
20240219;100007;585.850000000;2;9636112124;B
20240219;100007;585.500000000;1;9636112128;S
20240219;100007;585.500000000;1;9636112129;S
20240219;100007;585.900000000;1;9636112137;B
20240219;100007;585.500000000;1;9636112144;S
20240219;100007;585.500000000;1;9636112145;S
20240219;100007;585.850000000;2;9636112147;B
20240219;100007;585.850000000;1;9636112152;B
20240219;100007;585.900000000;2;9636112155;B
20240219;100007;585.850000000;1;9636112158;B
20240219;100007;585.900000000;2;9636112167;B
20240219;100007;585.900000000;5;9636112170;B
20240219;100007;585.850000000;2;9636112175;B
20240219;100007;585.500000000;1;9636112178;S
20240219;100007;585.500000000;1;9636112179;S
20240219;100007;585.950000000;1;9636112185;B
20240219;100007;585.950000000;2;9636112187;B
20240219;100007;585.550000000;21;9636112194;S
20240219;100007;585.850000000;2;9636112196;B
20240219;100007;585.850000000;2;9636112199;B
20240219;100007;585.850000000;1;9636112202;B
20240219;100007;585.550000000;1;9636112206;S
20240219;100007;585.850000000;2;9636112210;B
20240219;100007;585.850000000;2;9636112214;B
20240219;100007;585.850000000;2;9636112220;B
20240219;100007;585.850000000;2;9636112223;B
20240219;100007;585.850000000;2;9636112226;B
20240219;100007;585.550000000;1;9636112228;S
20240219;100007;585.550000000;2;9636112230;S
20240219;100007;585.850000000;2;9636112234;B
20240219;100007;585.850000000;2;9636112238;B
20240219;100007;585.550000000;2;9636112239;S
20240219;100007;585.850000000;3;9636112247;B
20240219;100007;585.550000000;4;9636112248;S
20240219;100007;585.550000000;2;9636112252;S
20240219;100007;585.550000000;1;9636112256;S
20240219;100007;585.550000000;2;9636112257;S
20240219;100007;585.850000000;2;9636112262;B
20240219;100007;585.550000000;8;9636112265;S
20240219;100007;585.850000000;2;9636112266;B
20240219;100007;585.850000000;2;9636112272;B
20240219;100007;585.850000000;2;9636112274;B
20240219;100007;585.850000000;4;9636112278;B
20240219;100007;585.550000000;2;9636112283;S
20240219;100007;585.850000000;2;9636112286;B
20240219;100007;585.550000000;1;9636112291;S
20240219;100007;585.850000000;2;9636112293;B
20240219;100007;585.550000000;2;9636112297;S
20240219;100007;585.550000000;1;9636112301;S
20240219;100007;585.850000000;1;9636112302;B
20240219;100007;585.850000000;1;9636112306;B
20240219;100007;585.550000000;2;9636112312;S
20240219;100007;585.550000000;12;9636112315;S
20240219;100007;585.550000000;2;9636112317;S
20240219;100007;585.850000000;2;9636112322;B
20240219;100007;585.550000000;2;9636112324;S
20240219;100007;585.850000000;2;9636112327;B
20240219;100007;585.550000000;5;9636112330;S
20240219;100007;585.550000000;1;9636112332;S
20240219;100007;585.850000000;2;9636112333;B
20240219;100007;585.850000000;2;9636112337;B
20240219;100007;585.850000000;2;9636112341;B
20240219;100007;585.850000000;2;9636112343;B
20240219;100007;585.850000000;1;9636112356;B
20240219;100007;585.850000000;2;9636112361;B
20240219;100007;585.550000000;2;9636112365;S
20240219;100007;585.850000000;1;9636112369;B
20240219;100007;585.850000000;1;9636112371;B
20240219;100007;585.550000000;2;9636112376;S
20240219;100007;585.850000000;3;9636112378;B
20240219;100007;585.850000000;2;9636112384;B
20240219;100007;585.550000000;2;9636112387;S
20240219;100007;585.550000000;2;9636112389;S
20240219;100007;585.850000000;1;9636112394;B
20240219;100007;585.850000000;1;9636112395;B
20240219;100007;585.850000000;1;9636112398;B
20240219;100007;585.850000000;3;9636112405;B
20240219;100007;585.550000000;2;9636112416;S
20240219;100007;585.550000000;1;9636112420;S
20240219;100007;585.850000000;1;9636112426;B
20240219;100007;585.550000000;1;9636112432;S
20240219;100007;585.550000000;1;9636112434;S
20240219;100007;585.500000000;1;9636112457;S
20240219;100007;585.500000000;1;9636112458;S
20240219;100007;585.850000000;1;9636112460;B
20240219;100007;585.500000000;2;9636112461;S
20240219;100007;585.500000000;2;9636112462;S
20240219;100007;585.500000000;2;9636112466;S
20240219;100007;585.850000000;2;9636112674;B
20240219;100007;585.850000000;1;9636112900;B
20240219;100007;585.850000000;1;9636112901;B
20240219;100007;585.850000000;9;9636112902;B
20240219;100007;585.500000000;2;9636112903;S
20240219;100007;585.850000000;2;9636112904;B
20240219;100007;585.850000000;1;9636112905;B
20240219;100007;585.500000000;1;9636112906;S
20240219;100007;585.850000000;1;9636112908;B
20240219;100007;585.850000000;2;9636112909;B
20240219;100007;585.850000000;1;9636112910;B
20240219;100007;585.850000000;2;9636112911;B
20240219;100007;585.850000000;2;9636112912;B
20240219;100007;585.500000000;2;9636112913;S
20240219;100007;585.850000000;2;9636112914;B
20240219;100007;585.850000000;3;9636112915;B
20240219;100007;585.850000000;2;9636112919;B
20240219;100007;585.850000000;2;9636112920;B
20240219;100007;585.850000000;1;9636112921;B
20240219;100007;585.850000000;1;9636112922;B
20240219;100007;585.850000000;1;9636112923;B
20240219;100007;585.500000000;1;9636112924;S
20240219;100007;585.850000000;1;9636112925;B
20240219;100007;585.850000000;1;9636112926;B
20240219;100007;585.850000000;1;9636112927;B
20240219;100007;585.500000000;2;9636112928;S
20240219;100007;585.850000000;1;9636112929;B
20240219;100007;585.500000000;1;9636112930;S
20240219;100007;585.950000000;2;9636112931;B
20240219;100007;585.950000000;1;9636112932;B
20240219;100007;585.850000000;2;9636112933;B
20240219;100007;585.850000000;2;9636112934;B
20240219;100007;585.850000000;1;9636112935;B
20240219;100007;585.500000000;2;9636112936;S
20240219;100007;585.500000000;2;9636112937;S
20240219;100007;585.500000000;1;9636112939;S
20240219;100007;585.850000000;1;9636112941;B
20240219;100007;585.850000000;2;9636112942;B
20240219;100007;585.850000000;1;9636112943;B
20240219;100007;585.850000000;2;9636112944;B
20240219;100007;585.850000000;2;9636112945;B
20240219;100007;585.850000000;2;9636112946;B
20240219;100007;585.850000000;2;9636112948;B
20240219;100007;585.850000000;1;9636112949;B
20240219;100007;585.850000000;2;9636112951;B
20240219;100007;585.500000000;2;9636112952;S
20240219;100007;585.850000000;1;9636112953;B
20240219;100007;585.850000000;1;9636112954;B
20240219;100007;585.500000000;2;9636112955;S
20240219;100007;585.850000000;1;9636112956;B
20240219;100007;585.500000000;2;9636112957;S
20240219;100007;585.500000000;2;9636112958;S
20240219;100007;585.500000000;2;9636112960;S
20240219;100007;585.850000000;2;9636112961;B
20240219;100007;585.850000000;2;9636112962;B
20240219;100007;585.500000000;1;9636112963;S
20240219;100007;585.500000000;1;9636112964;S
20240219;100007;585.850000000;1;9636112965;B
20240219;100007;585.500000000;2;9636112966;S
20240219;100007;585.850000000;1;9636112967;B
20240219;100007;585.500000000;2;9636112968;S
20240219;100007;585.500000000;1;9636112969;S
20240219;100007;585.850000000;1;9636113125;B
20240219;100007;585.850000000;1;9636113131;B
20240219;100007;585.500000000;1;9636113145;S
20240219;100007;585.500000000;1;9636113146;S
20240219;100007;585.500000000;2;9636113147;S
20240219;100007;585.500000000;1;9636113148;S
20240219;100007;585.500000000;1;9636113149;S
20240219;100007;585.500000000;1;9636113150;S
20240219;100007;585.500000000;2;9636113151;S
20240219;100007;585.500000000;1;9636113152;S
20240219;100007;585.500000000;2;9636113153;S
20240219;100007;585.500000000;1;9636113154;S
20240219;100007;585.850000000;2;9636113162;B
20240219;100007;585.850000000;2;9636113172;B
20240219;100007;585.850000000;1;9636113297;B
20240219;100007;585.550000000;1;9636113300;S
20240219;100007;585.850000000;1;9636113303;B
20240219;100007;585.850000000;2;9636113307;B
20240219;100007;585.850000000;1;9636113308;B
20240219;100007;585.550000000;1;9636113312;S
20240219;100007;585.850000000;3;9636113314;B
20240219;100007;585.850000000;1;9636113317;B
20240219;100007;585.850000000;2;9636113318;B
20240219;100007;585.850000000;2;9636113320;B
20240219;100007;585.850000000;1;9636113325;B
20240219;100007;585.850000000;2;9636113327;B
20240219;100007;585.850000000;2;9636113332;B
20240219;100007;585.850000000;1;9636113334;B
20240219;100007;585.850000000;2;9636113337;B
20240219;100007;585.850000000;1;9636113341;B
20240219;100007;585.850000000;1;9636113345;B
20240219;100007;585.850000000;1;9636113346;B
20240219;100007;585.850000000;1;9636113347;B
20240219;100007;585.850000000;1;9636113368;B
20240219;100007;585.550000000;2;9636113371;S
20240219;100007;585.550000000;1;9636113374;S
20240219;100007;585.850000000;2;9636113376;B
20240219;100007;585.550000000;2;9636113380;S
20240219;100007;585.850000000;2;9636113381;B
20240219;100007;585.850000000;2;9636113387;B
20240219;100007;585.550000000;2;9636113388;S
20240219;100007;585.850000000;1;9636113389;B
20240219;100007;585.850000000;2;9636113390;B
20240219;100007;585.550000000;2;9636113391;S
20240219;100007;585.850000000;1;9636113396;B
20240219;100007;585.850000000;2;9636113398;B
20240219;100007;585.850000000;1;9636113401;B
20240219;100007;585.850000000;1;9636113405;B
20240219;100007;585.850000000;6;9636113408;B
20240219;100007;585.850000000;2;9636113419;B
20240219;100007;585.850000000;2;9636113423;B
20240219;100007;585.550000000;1;9636113425;S
20240219;100007;585.550000000;2;9636113430;S
20240219;100007;585.850000000;2;9636113432;B
20240219;100007;585.550000000;2;9636113436;S
20240219;100007;585.550000000;1;9636113440;S
20240219;100007;585.850000000;1;9636113446;B
20240219;100007;585.850000000;2;9636113452;B
20240219;100007;585.850000000;2;9636113458;B
20240219;100007;585.850000000;1;9636113466;B
20240219;100007;585.550000000;2;9636113470;S
20240219;100007;585.850000000;1;9636113475;B
20240219;100007;585.850000000;1;9636113478;B
20240219;100007;585.850000000;2;9636113484;B
20240219;100007;585.550000000;10;9636113489;S
20240219;100007;585.850000000;3;9636113495;B
20240219;100007;585.850000000;2;9636113497;B
20240219;100007;585.900000000;2;9636113503;B
20240219;100007;585.900000000;1;9636113505;B
20240219;100007;585.850000000;16;9636113509;B
20240219;100007;585.550000000;2;9636113512;S
20240219;100007;585.850000000;1;9636113517;B
20240219;100007;585.550000000;100;9636113520;S
20240219;100007;585.850000000;2;9636113532;B
20240219;100007;585.850000000;2;9636113539;B
20240219;100007;585.550000000;2;9636113543;S
20240219;100007;585.550000000;2;9636113549;S
20240219;100007;585.850000000;2;9636113580;B
20240219;100007;585.550000000;73;9636113582;S
20240219;100007;585.550000000;7;9636113583;S
20240219;100007;585.850000000;1;9636113586;B
20240219;100007;585.850000000;2;9636113590;B
20240219;100007;585.850000000;1;9636113592;B
20240219;100007;585.850000000;2;9636113593;B
20240219;100007;585.850000000;2;9636113597;B
20240219;100007;585.500000000;1;9636113599;S
20240219;100007;585.500000000;2;9636113600;S
20240219;100007;585.500000000;2;9636113601;S
20240219;100007;585.500000000;15;9636113602;S
20240219;100007;585.850000000;2;9636113607;B
20240219;100007;585.850000000;1;9636113609;B
20240219;100007;585.500000000;28;9636113617;S
20240219;100007;585.500000000;1;9636113618;S
20240219;100007;585.500000000;52;9636113619;S
20240219;100007;585.500000000;2;9636113620;S
20240219;100007;585.500000000;1;9636113621;S
20240219;100007;585.500000000;2;9636113622;S
20240219;100007;585.500000000;2;9636113623;S
20240219;100007;585.500000000;2;9636113624;S
20240219;100007;585.500000000;1;9636113625;S
20240219;100007;585.500000000;2;9636113626;S
20240219;100007;585.500000000;2;9636113627;S
20240219;100007;585.500000000;1;9636113628;S
20240219;100007;585.500000000;1;9636113629;S
20240219;100007;585.500000000;2;9636113630;S
20240219;100007;585.500000000;8;9636113631;S
20240219;100007;585.500000000;1;9636113632;S
20240219;100007;585.500000000;2;9636113633;S
20240219;100007;585.500000000;2;9636113634;S
20240219;100007;585.500000000;2;9636113635;S
20240219;100007;585.500000000;1;9636113636;S
20240219;100007;585.500000000;2;9636113637;S
20240219;100007;585.500000000;2;9636113638;S
20240219;100007;585.500000000;1;9636113639;S
20240219;100007;585.500000000;1;9636113640;S
20240219;100007;585.500000000;2;9636113641;S
20240219;100007;585.500000000;2;9636113642;S
20240219;100007;585.500000000;1;9636113643;S
20240219;100007;585.500000000;2;9636113644;S
20240219;100007;585.500000000;2;9636113645;S
20240219;100007;585.500000000;2;9636113646;S
20240219;100007;585.500000000;2;9636113647;S
20240219;100007;585.500000000;3;9636113648;S
20240219;100007;585.500000000;3;9636113649;S
20240219;100007;585.500000000;1;9636113650;S
20240219;100007;585.500000000;7;9636113651;S
20240219;100007;585.500000000;1;9636113652;S
20240219;100007;585.500000000;2;9636113653;S
20240219;100007;585.500000000;1;9636113654;S
20240219;100007;585.500000000;1;9636113667;S
20240219;100007;585.500000000;1;9636113668;S
20240219;100007;585.500000000;2;9636113669;S
20240219;100007;585.500000000;1;9636113670;S
20240219;100007;585.500000000;2;9636113671;S
20240219;100007;585.500000000;1;9636113672;S
20240219;100007;585.500000000;2;9636113673;S
20240219;100007;585.500000000;3;9636113674;S
20240219;100007;585.500000000;2;9636113675;S
20240219;100007;585.500000000;2;9636113676;S
20240219;100007;585.500000000;3;9636113677;S
20240219;100007;585.500000000;1;9636113678;S
20240219;100007;585.500000000;1;9636113679;S
20240219;100007;585.500000000;2;9636113680;S
20240219;100007;585.500000000;2;9636113681;S
20240219;100007;585.500000000;2;9636113682;S
20240219;100007;585.500000000;154;9636113683;S
20240219;100007;585.850000000;2;9636113814;B
20240219;100007;585.850000000;2;9636113823;B
20240219;100007;585.850000000;2;9636113825;B
20240219;100007;585.500000000;2;9636113826;S
20240219;100007;585.850000000;2;9636113827;B
20240219;100008;585.850000000;1;9636114016;B
20240219;100008;585.850000000;1;9636114020;B
20240219;100008;585.850000000;1;9636114023;B
20240219;100008;585.850000000;1;9636114038;B
20240219;100008;585.500000000;1;9636114051;S
20240219;100008;585.850000000;1;9636114054;B
20240219;100008;585.850000000;2;9636114056;B
20240219;100008;585.850000000;1;9636114075;B
20240219;100008;585.850000000;1;9636114080;B
20240219;100008;585.850000000;1;9636114083;B
20240219;100008;585.850000000;2;9636114093;B
20240219;100008;585.850000000;1;9636114098;B
20240219;100008;585.500000000;2;9636114105;S
20240219;100008;585.850000000;1;9636114106;B
20240219;100008;585.850000000;1;9636114111;B
20240219;100008;585.850000000;1;9636114113;B
20240219;100008;585.850000000;1;9636114124;B
20240219;100008;585.850000000;1;9636114138;B
20240219;100008;585.850000000;1;9636114139;B
20240219;100008;585.850000000;2;9636114149;B
20240219;100008;585.850000000;2;9636114154;B
20240219;100008;585.850000000;1;9636114156;B
20240219;100008;585.850000000;1;9636114158;B
20240219;100008;585.500000000;10;9636114189;S
20240219;100008;585.850000000;1;9636114205;B
20240219;100008;585.850000000;1;9636114206;B
20240219;100008;585.850000000;2;9636114211;B
20240219;100008;585.550000000;1;9636114220;S
20240219;100008;585.850000000;2;9636114226;B
20240219;100008;585.850000000;2;9636114229;B
20240219;100008;585.550000000;2;9636114239;S
20240219;100008;585.550000000;2;9636114244;S
20240219;100008;585.850000000;1;9636114246;B
20240219;100008;585.850000000;1;9636114251;B
20240219;100008;585.850000000;2;9636114252;B
20240219;100008;585.850000000;2;9636114260;B
20240219;100008;585.850000000;2;9636114265;B
20240219;100008;585.900000000;2;9636114267;B
20240219;100008;585.850000000;1;9636114273;B
20240219;100008;585.850000000;2;9636114274;B
20240219;100008;585.850000000;2;9636114285;B
20240219;100008;585.850000000;1;9636114288;B
20240219;100008;585.550000000;5;9636114291;S
20240219;100008;585.850000000;1;9636114294;B
20240219;100008;585.550000000;2;9636114298;S
20240219;100008;585.850000000;1;9636114305;B
20240219;100008;585.850000000;2;9636114306;B
20240219;100008;585.850000000;1;9636114311;B
20240219;100008;585.850000000;2;9636114314;B
20240219;100008;585.550000000;2;9636114321;S
20240219;100008;585.550000000;3;9636114324;S
20240219;100008;585.900000000;1;9636114326;B
20240219;100008;585.900000000;2;9636114330;B
20240219;100008;585.900000000;2;9636114333;B
20240219;100008;585.900000000;1;9636114338;B
20240219;100008;585.900000000;2;9636114342;B
20240219;100008;585.900000000;1;9636114346;B
20240219;100008;585.900000000;1;9636114348;B
20240219;100008;585.900000000;2;9636114353;B
20240219;100008;585.900000000;1;9636114356;B
20240219;100008;585.550000000;2;9636114360;S
20240219;100008;585.900000000;2;9636114363;B
20240219;100008;585.550000000;1;9636114373;S
20240219;100008;585.550000000;2;9636114375;S
20240219;100008;585.900000000;2;9636114386;B
20240219;100008;585.900000000;2;9636114399;B
20240219;100008;585.900000000;1;9636114406;B
20240219;100008;585.900000000;3;9636114409;B
20240219;100008;585.550000000;2;9636114414;S
20240219;100008;585.550000000;1;9636114419;S
20240219;100008;585.900000000;2;9636114847;B
20240219;100008;585.900000000;2;9636114852;B
20240219;100008;585.500000000;2;9636114854;S
20240219;100008;585.900000000;2;9636114860;B
20240219;100008;585.900000000;1;9636114864;B
20240219;100008;585.900000000;1;9636114872;B
20240219;100008;585.900000000;2;9636114875;B
20240219;100008;585.500000000;2;9636114878;S
20240219;100008;585.900000000;1;9636114881;B
20240219;100008;585.900000000;2;9636114898;B
20240219;100008;585.900000000;1;9636114903;B
20240219;100008;585.900000000;2;9636114907;B
20240219;100008;585.500000000;6;9636114916;S
20240219;100008;585.500000000;2;9636114917;S
20240219;100008;585.500000000;2;9636114918;S
20240219;100008;585.500000000;1;9636114919;S
20240219;100008;585.900000000;1;9636114923;B
20240219;100008;585.500000000;1;9636114930;S
20240219;100008;585.500000000;1;9636114936;S
20240219;100008;585.500000000;1;9636114937;S
20240219;100008;585.900000000;2;9636114942;B
20240219;100008;585.500000000;1;9636114948;S
20240219;100008;585.500000000;1;9636114949;S
20240219;100008;585.900000000;2;9636114955;B
20240219;100008;585.900000000;6;9636114963;B
20240219;100008;585.900000000;1;9636114972;B
20240219;100008;585.500000000;2;9636114977;S
20240219;100008;585.900000000;2;9636114984;B
20240219;100008;585.900000000;2;9636114991;B
20240219;100008;585.500000000;2;9636115002;S
20240219;100008;585.500000000;4;9636115005;S
20240219;100008;585.900000000;1;9636115013;B
20240219;100008;585.900000000;1;9636115018;B
20240219;100008;585.900000000;1;9636115025;B
20240219;100008;585.900000000;2;9636115030;B
20240219;100008;585.900000000;1;9636115035;B
20240219;100008;585.900000000;2;9636115043;B
20240219;100008;585.900000000;2;9636115047;B
20240219;100008;585.500000000;2;9636115050;S
20240219;100008;585.500000000;2;9636115053;S
20240219;100008;585.900000000;2;9636115060;B
20240219;100008;585.900000000;1;9636115064;B
20240219;100008;585.900000000;10;9636115069;B
20240219;100008;585.900000000;1;9636115083;B
20240219;100008;585.900000000;2;9636115086;B
20240219;100008;585.900000000;2;9636115094;B
20240219;100008;585.900000000;1;9636115099;B
20240219;100008;585.500000000;2;9636115107;S
20240219;100008;585.900000000;1;9636115111;B
20240219;100008;585.900000000;2;9636115122;B
20240219;100008;585.900000000;1;9636115129;B
20240219;100008;585.900000000;1;9636115136;B
20240219;100008;585.900000000;1;9636115146;B
20240219;100008;585.900000000;1;9636115151;B
20240219;100008;585.900000000;1;9636115158;B
20240219;100008;585.900000000;1;9636115167;B
20240219;100008;585.900000000;1;9636115174;B
20240219;100008;585.500000000;2;9636115181;S
20240219;100008;585.500000000;1;9636115182;S
20240219;100008;585.900000000;2;9636115191;B
20240219;100008;585.900000000;1;9636115213;B
20240219;100008;585.500000000;1;9636115216;S
20240219;100008;585.500000000;1;9636115217;S
20240219;100008;585.500000000;2;9636115218;S
20240219;100008;585.900000000;2;9636115220;B
20240219;100008;585.900000000;1;9636115222;B
20240219;100008;585.900000000;3;9636115223;B
20240219;100008;585.500000000;2;9636115225;S
20240219;100008;585.500000000;2;9636115227;S
20240219;100008;585.900000000;1;9636115229;B
20240219;100008;585.900000000;1;9636115230;B
20240219;100008;585.500000000;1;9636115232;S
20240219;100008;585.500000000;1;9636115234;S
20240219;100008;585.500000000;1;9636115235;S
20240219;100008;585.500000000;1;9636115236;S
20240219;100008;585.500000000;1;9636115237;S
20240219;100008;585.500000000;1;9636115240;S
20240219;100008;585.900000000;1;9636115241;B
20240219;100008;585.900000000;1;9636115243;B
20240219;100008;585.900000000;1;9636115247;B
20240219;100008;585.900000000;2;9636115249;B
20240219;100008;585.900000000;2;9636115253;B
20240219;100008;585.500000000;1;9636115256;S
20240219;100008;585.900000000;2;9636115257;B
20240219;100008;585.900000000;1;9636115258;B
20240219;100008;585.950000000;2;9636115261;B
20240219;100008;585.900000000;1;9636115262;B
20240219;100008;585.900000000;1;9636115264;B
20240219;100008;585.950000000;2;9636115266;B
20240219;100008;585.900000000;2;9636115268;B
20240219;100008;585.550000000;2;9636115273;S
20240219;100008;585.550000000;2;9636115275;S
20240219;100008;585.900000000;2;9636115276;B
20240219;100008;585.950000000;1;9636115278;B
20240219;100008;585.950000000;1;9636115279;B
20240219;100008;585.900000000;1;9636115280;B
20240219;100008;585.900000000;2;9636115281;B
20240219;100008;585.550000000;2;9636115282;S
20240219;100008;585.950000000;1;9636115283;B
20240219;100008;585.900000000;2;9636115293;B
20240219;100008;585.950000000;2;9636115295;B
20240219;100008;585.550000000;1;9636115296;S
20240219;100008;585.950000000;2;9636115297;B
20240219;100008;585.900000000;2;9636115298;B
20240219;100008;585.900000000;2;9636115301;B
20240219;100008;585.950000000;2;9636115302;B
20240219;100008;585.900000000;2;9636115307;B
20240219;100008;585.900000000;1;9636115308;B
20240219;100008;585.900000000;2;9636115309;B
20240219;100008;585.550000000;2;9636115310;S
20240219;100008;585.950000000;1;9636115312;B
20240219;100008;585.900000000;1;9636115313;B
20240219;100008;585.550000000;4;9636115314;S
20240219;100008;585.950000000;2;9636115316;B
20240219;100008;585.950000000;2;9636115317;B
20240219;100008;585.900000000;1;9636115318;B
20240219;100008;585.900000000;1;9636115320;B
20240219;100008;585.950000000;1;9636115323;B
20240219;100008;585.950000000;2;9636115324;B
20240219;100008;585.900000000;2;9636115327;B
20240219;100008;585.900000000;2;9636115328;B
20240219;100008;585.550000000;1;9636115329;S
20240219;100008;585.900000000;1;9636115330;B
20240219;100008;585.900000000;1;9636115331;B
20240219;100008;585.900000000;1;9636115333;B
20240219;100008;585.900000000;1;9636115334;B
20240219;100008;585.550000000;2;9636115335;S
20240219;100008;585.550000000;3;9636115336;S
20240219;100008;585.550000000;1;9636115337;S
20240219;100008;585.900000000;1;9636115339;B
20240219;100008;585.550000000;2;9636115340;S
20240219;100008;585.950000000;2;9636115362;B
20240219;100008;585.950000000;1;9636115363;B
20240219;100008;585.900000000;1;9636115365;B
20240219;100008;585.900000000;2;9636115369;B
20240219;100008;585.550000000;1;9636115371;S
20240219;100008;585.900000000;5;9636115372;B
20240219;100008;585.550000000;2;9636115373;S
20240219;100008;585.550000000;3;9636115379;S
20240219;100008;585.550000000;1;9636115399;S
20240219;100008;585.550000000;2;9636115403;S
20240219;100008;585.900000000;2;9636115408;B
20240219;100008;585.950000000;1;9636115414;B
20240219;100008;585.950000000;2;9636115418;B
20240219;100008;585.900000000;2;9636115421;B
20240219;100008;585.950000000;2;9636115442;B
20240219;100008;585.900000000;2;9636115447;B
20240219;100008;585.550000000;2;9636115454;S
20240219;100008;585.550000000;2;9636115456;S
20240219;100008;585.900000000;2;9636115460;B
20240219;100008;585.550000000;2;9636115466;S
20240219;100008;585.900000000;2;9636115470;B
20240219;100008;585.950000000;2;9636115474;B
20240219;100008;585.550000000;2;9636115481;S
20240219;100008;585.550000000;1;9636115485;S
20240219;100008;585.900000000;1;9636115491;B
20240219;100008;585.900000000;2;9636115496;B
20240219;100008;585.950000000;2;9636115500;B
20240219;100008;585.900000000;4;9636115507;B
20240219;100008;585.950000000;2;9636115510;B
20240219;100008;585.900000000;2;9636115515;B
20240219;100008;585.900000000;2;9636115518;B
20240219;100008;585.950000000;1;9636115522;B
20240219;100008;585.950000000;1;9636115524;B
20240219;100008;585.550000000;2;9636115528;S
20240219;100008;585.900000000;1;9636115533;B
20240219;100008;585.900000000;2;9636115543;B
20240219;100008;585.550000000;2;9636115547;S
20240219;100008;585.900000000;2;9636115552;B
20240219;100008;585.950000000;1;9636115555;B
20240219;100008;585.900000000;1;9636115560;B
20240219;100008;585.900000000;1;9636115563;B
20240219;100008;585.550000000;5;9636115569;S
20240219;100008;585.550000000;2;9636115573;S
20240219;100008;585.550000000;1;9636115579;S
20240219;100008;585.900000000;3;9636115588;B
20240219;100008;585.550000000;2;9636115591;S
20240219;100008;585.550000000;1;9636115593;S
20240219;100008;585.550000000;2;9636115596;S
20240219;100008;585.550000000;2;9636115607;S
20240219;100008;585.900000000;2;9636115611;B
20240219;100008;585.550000000;14;9636115614;S
20240219;100008;585.950000000;1;9636115619;B
20240219;100008;585.550000000;2;9636115622;S
20240219;100008;585.550000000;2;9636115625;S
20240219;100008;585.900000000;1;9636115627;B
20240219;100008;585.900000000;2;9636115632;B
20240219;100008;585.550000000;2;9636115636;S
20240219;100008;585.900000000;2;9636115638;B
20240219;100008;585.550000000;2;9636115646;S
20240219;100008;585.950000000;1;9636115648;B
20240219;100008;585.900000000;2;9636115654;B
20240219;100008;585.550000000;1;9636115657;S
20240219;100008;585.900000000;2;9636115661;B
20240219;100008;585.550000000;2;9636115665;S
20240219;100008;585.550000000;7;9636115670;S
20240219;100008;585.550000000;2;9636115673;S
20240219;100008;585.900000000;1;9636115680;B
20240219;100008;585.900000000;1;9636115683;B
20240219;100008;585.900000000;2;9636115685;B
20240219;100008;585.900000000;2;9636115693;B
20240219;100008;585.900000000;2;9636115695;B
20240219;100008;585.550000000;2;9636115698;S
20240219;100008;585.900000000;1;9636115700;B
20240219;100008;585.900000000;1;9636115705;B
20240219;100008;585.900000000;2;9636115707;B
20240219;100008;585.550000000;2;9636115710;S
20240219;100008;585.900000000;2;9636115714;B
20240219;100008;585.550000000;2;9636115718;S
20240219;100008;585.550000000;1;9636115723;S
20240219;100008;585.900000000;1;9636115726;B
20240219;100008;585.900000000;1;9636115732;B
20240219;100008;585.900000000;1;9636115736;B
20240219;100008;585.550000000;2;9636115744;S
20240219;100008;585.900000000;1;9636115747;B
20240219;100008;585.550000000;1;9636115750;S
20240219;100008;585.900000000;1;9636115756;B
20240219;100008;585.900000000;1;9636115760;B
20240219;100008;585.550000000;1;9636115764;S
20240219;100008;585.550000000;2;9636115767;S
20240219;100008;585.900000000;2;9636115776;B
20240219;100008;585.900000000;1;9636115778;B
20240219;100008;585.550000000;1;9636115791;S
20240219;100008;585.550000000;2;9636115795;S
20240219;100008;585.900000000;2;9636115801;B
20240219;100008;585.900000000;2;9636115804;B
20240219;100008;585.900000000;2;9636115813;B
20240219;100008;585.900000000;2;9636115819;B
20240219;100008;585.900000000;2;9636115822;B
20240219;100008;585.550000000;2;9636115827;S
20240219;100009;585.900000000;2;9636116208;B
20240219;100009;585.550000000;2;9636116209;S
20240219;100009;585.900000000;2;9636116210;B
20240219;100009;585.900000000;2;9636116212;B
20240219;100009;585.900000000;1;9636116213;B
20240219;100009;585.900000000;1;9636116214;B
20240219;100009;585.900000000;1;9636116215;B
20240219;100009;585.550000000;19;9636116216;S
20240219;100009;585.900000000;1;9636116217;B
20240219;100009;585.550000000;1;9636116218;S
20240219;100009;585.900000000;2;9636116219;B
20240219;100009;585.900000000;1;9636116221;B
20240219;100009;585.900000000;3;9636116222;B
20240219;100009;585.900000000;1;9636116223;B
20240219;100009;585.900000000;2;9636116225;B
20240219;100009;585.900000000;1;9636116226;B
20240219;100009;585.900000000;1;9636116227;B
20240219;100009;585.550000000;2;9636116228;S
20240219;100009;585.900000000;1;9636116230;B
20240219;100009;585.900000000;1;9636116231;B
20240219;100009;585.900000000;8;9636116232;B
20240219;100009;585.900000000;1;9636116233;B
20240219;100009;585.900000000;2;9636116234;B
20240219;100009;585.550000000;2;9636116235;S
20240219;100009;585.900000000;2;9636116239;B
20240219;100009;585.900000000;2;9636116240;B
20240219;100009;585.900000000;1;9636116241;B
20240219;100009;585.900000000;2;9636116243;B
20240219;100009;585.550000000;2;9636116247;S
20240219;100009;585.900000000;2;9636116248;B
20240219;100009;585.550000000;2;9636116249;S
20240219;100009;585.900000000;1;9636116250;B
20240219;100009;585.900000000;2;9636116251;B
20240219;100009;585.900000000;2;9636116252;B
20240219;100009;585.900000000;1;9636116253;B
20240219;100009;585.900000000;2;9636116254;B
20240219;100009;585.900000000;2;9636116255;B
20240219;100009;585.900000000;2;9636116256;B
20240219;100009;585.550000000;2;9636116257;S
20240219;100009;585.900000000;2;9636116258;B
20240219;100009;585.900000000;2;9636116259;B
20240219;100009;585.550000000;2;9636116260;S
20240219;100009;585.900000000;1;9636116261;B
20240219;100009;585.900000000;1;9636116262;B
20240219;100009;585.900000000;1;9636116263;B
20240219;100009;585.950000000;1;9636116264;B
20240219;100009;585.550000000;2;9636116265;S
20240219;100009;585.900000000;2;9636116266;B
20240219;100009;585.550000000;1;9636116267;S
20240219;100009;585.550000000;2;9636116269;S
20240219;100009;585.900000000;1;9636116270;B
20240219;100009;585.550000000;2;9636116271;S
20240219;100009;585.900000000;5;9636116272;B
20240219;100009;585.900000000;1;9636116273;B
20240219;100009;585.900000000;2;9636116274;B
20240219;100009;585.900000000;1;9636116278;B
20240219;100009;585.900000000;1;9636116279;B
20240219;100009;585.900000000;1;9636116280;B
20240219;100009;585.900000000;1;9636116281;B
20240219;100009;585.550000000;2;9636116282;S
20240219;100009;585.900000000;2;9636116283;B
20240219;100009;585.900000000;1;9636116284;B
20240219;100009;585.900000000;1;9636116285;B
20240219;100009;585.900000000;1;9636116286;B
20240219;100009;585.900000000;2;9636116287;B
20240219;100009;585.550000000;1;9636116288;S
20240219;100009;585.900000000;230;9636116300;B
20240219;100009;585.550000000;1;9636116346;S
20240219;100009;585.550000000;2;9636116348;S
20240219;100009;585.900000000;2;9636116352;B
20240219;100009;585.900000000;1;9636116353;B
20240219;100009;585.900000000;2;9636116355;B
20240219;100009;585.900000000;1;9636116358;B
20240219;100009;585.900000000;1;9636116359;B
20240219;100009;585.900000000;1;9636116361;B
20240219;100009;585.550000000;2;9636116363;S
20240219;100009;585.900000000;1;9636116366;B
20240219;100009;585.900000000;1;9636116368;B
20240219;100009;585.900000000;1;9636116371;B
20240219;100009;585.900000000;2;9636116374;B
20240219;100009;585.900000000;1;9636116376;B
20240219;100009;585.900000000;2;9636116379;B
20240219;100009;585.900000000;1;9636116383;B
20240219;100009;585.550000000;5;9636116387;S
20240219;100009;585.900000000;1;9636116389;B
20240219;100009;585.900000000;2;9636116391;B
20240219;100009;585.900000000;1;9636116393;B
20240219;100009;585.900000000;2;9636116394;B
20240219;100009;585.550000000;2;9636116397;S
20240219;100009;585.550000000;2;9636116401;S
20240219;100009;585.900000000;1;9636116402;B
20240219;100009;585.900000000;2;9636116405;B
20240219;100009;585.900000000;5;9636116408;B
20240219;100009;585.900000000;1;9636116409;B
20240219;100009;585.900000000;2;9636116412;B
20240219;100009;585.550000000;2;9636116413;S
20240219;100009;585.550000000;1;9636116415;S
20240219;100009;585.900000000;1;9636116416;B
20240219;100009;585.900000000;1;9636116463;B
20240219;100009;585.900000000;2;9636116464;B
20240219;100009;585.900000000;2;9636116465;B
20240219;100009;585.550000000;2;9636116466;S
20240219;100009;585.550000000;1;9636116468;S
20240219;100009;585.900000000;2;9636116469;B
20240219;100009;585.550000000;2;9636116470;S
20240219;100009;585.900000000;1;9636116473;B
20240219;100009;585.900000000;2;9636116474;B
20240219;100009;585.900000000;2;9636116475;B
20240219;100009;585.550000000;2;9636116476;S
20240219;100009;585.550000000;2;9636116477;S
20240219;100009;585.550000000;2;9636116478;S
20240219;100009;585.550000000;2;9636116479;S
20240219;100009;585.900000000;2;9636116480;B
20240219;100009;585.900000000;1;9636116481;B
20240219;100009;585.900000000;1;9636116482;B
20240219;100009;585.550000000;2;9636116483;S
20240219;100009;585.900000000;3;9636116486;B
20240219;100009;585.550000000;2;9636116487;S
20240219;100009;585.900000000;1;9636116488;B
20240219;100009;585.900000000;1;9636116489;B
20240219;100009;585.900000000;1;9636116490;B
20240219;100009;585.900000000;1;9636116491;B
20240219;100009;585.900000000;2;9636116492;B
20240219;100009;585.900000000;2;9636116493;B
20240219;100009;585.900000000;1;9636116495;B
20240219;100009;585.550000000;2;9636116497;S
20240219;100009;585.900000000;2;9636116498;B
20240219;100009;585.550000000;2;9636116499;S
20240219;100009;585.900000000;4;9636116500;B
20240219;100009;585.900000000;1;9636116502;B
20240219;100009;585.550000000;2;9636116803;S
20240219;100009;585.550000000;2;9636116823;S
20240219;100010;585.550000000;1;9636117513;S
20240219;100010;585.550000000;135;9636117649;S
20240219;100010;585.550000000;17;9636117650;S
20240219;100010;585.600000000;85;9636117768;S
20240219;100010;585.600000000;182;9636117848;S
20240219;100010;585.900000000;2;9636117932;B
20240219;100010;585.900000000;2;9636117933;B
20240219;100010;585.900000000;2;9636117934;B
20240219;100010;585.900000000;1;9636117935;B
20240219;100010;585.600000000;1;9636117937;S
20240219;100010;585.900000000;2;9636117939;B
20240219;100010;585.900000000;1;9636117941;B
20240219;100010;585.900000000;2;9636117942;B
20240219;100010;585.850000000;1;9636117943;B
20240219;100010;585.850000000;1;9636117945;B
20240219;100010;585.850000000;2;9636117946;B
20240219;100010;585.850000000;1;9636117947;B
20240219;100010;585.850000000;1;9636117948;B
20240219;100010;585.850000000;1;9636117949;B
20240219;100010;585.850000000;2;9636117950;B
20240219;100010;585.900000000;2;9636117951;B
20240219;100010;585.900000000;1;9636117952;B
20240219;100010;585.600000000;1;9636117953;S
20240219;100010;585.900000000;2;9636117954;B
20240219;100010;585.600000000;13;9636117955;S
20240219;100010;585.600000000;1;9636117956;S
20240219;100010;585.900000000;14;9636117957;B
20240219;100010;585.600000000;2;9636117959;S
20240219;100010;585.600000000;2;9636117960;S
20240219;100010;585.850000000;2;9636117961;B
20240219;100010;585.850000000;1;9636117962;B
20240219;100010;585.850000000;2;9636117964;B
20240219;100010;585.850000000;1;9636117965;B
20240219;100010;585.850000000;2;9636117967;B
20240219;100010;585.850000000;1;9636117968;B
20240219;100010;585.850000000;1;9636117969;B
20240219;100010;585.550000000;1;9636117970;S
20240219;100010;585.850000000;2;9636117971;B
20240219;100010;585.550000000;1;9636117972;S
20240219;100010;585.550000000;1;9636117973;S
20240219;100010;585.850000000;2;9636117974;B
20240219;100010;585.850000000;2;9636117976;B
20240219;100010;585.850000000;2;9636117977;B
20240219;100010;585.550000000;2;9636117978;S
20240219;100010;585.850000000;1;9636117979;B
20240219;100010;585.550000000;2;9636117981;S
20240219;100010;585.850000000;1;9636117983;B
20240219;100010;585.550000000;2;9636117984;S
20240219;100010;585.550000000;16;9636117985;S
20240219;100010;585.550000000;2;9636117986;S
20240219;100010;585.900000000;1;9636117989;B
20240219;100010;585.550000000;1;9636117990;S
20240219;100010;585.900000000;1;9636117991;B
20240219;100010;585.900000000;2;9636117992;B
20240219;100010;585.900000000;2;9636117993;B
20240219;100010;585.900000000;2;9636117994;B
20240219;100010;585.900000000;1;9636117995;B
20240219;100010;585.550000000;2;9636117996;S
20240219;100010;585.900000000;1;9636117997;B
20240219;100010;585.850000000;1;9636118005;B
20240219;100010;585.850000000;5;9636118006;B
20240219;100010;585.850000000;1;9636118007;B
20240219;100010;585.550000000;1;9636118008;S
20240219;100010;585.850000000;2;9636118009;B
20240219;100010;585.550000000;1;9636118010;S
20240219;100010;585.850000000;1;9636118011;B
20240219;100010;585.550000000;2;9636118013;S
20240219;100010;585.900000000;2;9636118047;B
20240219;100010;585.550000000;1;9636118474;S
20240219;100011;585.850000000;30;9636118787;B
20240219;100011;585.850000000;51;9636118841;B
20240219;100011;585.850000000;18;9636118853;B
20240219;100011;585.850000000;12;9636118860;B
20240219;100011;585.550000000;46;9636118994;S
20240219;100011;585.500000000;2;9636118995;S
20240219;100011;585.500000000;2;9636118996;S
20240219;100011;585.500000000;1;9636118997;S
20240219;100011;585.500000000;1;9636118998;S
20240219;100011;585.500000000;2;9636118999;S
20240219;100011;585.500000000;2;9636119000;S
20240219;100011;585.500000000;2;9636119001;S
20240219;100011;585.500000000;1;9636119002;S
20240219;100011;585.500000000;1;9636119003;S
20240219;100011;585.500000000;2;9636119004;S
20240219;100011;585.500000000;1;9636119005;S
20240219;100011;585.500000000;2;9636119006;S
20240219;100011;585.500000000;2;9636119007;S
20240219;100011;585.500000000;2;9636119008;S
20240219;100011;585.500000000;1;9636119009;S
20240219;100011;585.500000000;2;9636119010;S
20240219;100011;585.500000000;1;9636119011;S
20240219;100011;585.600000000;20;9636119072;S
20240219;100011;585.600000000;32;9636119088;S
20240219;100011;585.600000000;1;9636119207;S
20240219;100012;585.900000000;13;9636119695;B
20240219;100012;585.900000000;2;9636119783;B
20240219;100013;585.900000000;1;9636120008;B
20240219;100013;585.900000000;1;9636120119;B
20240219;100013;585.650000000;3;9636120127;S
20240219;100014;585.650000000;3;9636120405;S
20240219;100014;585.850000000;3;9636120449;B
20240219;100014;585.950000000;69;9636120487;B
20240219;100015;586.000000000;4;9636120870;B
20240219;100015;586.000000000;16;9636120871;B
20240219;100015;586.000000000;2;9636120872;B
20240219;100015;586.000000000;4;9636120873;B
20240219;100015;586.000000000;18;9636120874;B
20240219;100015;586.000000000;82;9636120875;B
20240219;100015;586.000000000;2;9636120876;B
20240219;100015;586.000000000;1;9636120877;B
20240219;100018;586.000000000;1;9636121542;B
20240219;100019;586.000000000;1;9636121878;B
20240219;100020;585.800000000;130;9636121917;S
20240219;100020;585.800000000;27;9636121926;S
20240219;100020;585.800000000;90;9636122152;S
20240219;100020;585.800000000;25;9636122153;S
20240219;100021;585.700000000;1;9636122261;S
20240219;100021;585.700000000;2;9636122344;S
20240219;100022;586.000000000;100;9636122631;B
20240219;100024;586.000000000;14;9636123225;B
20240219;100025;586.000000000;7;9636123662;B
20240219;100026;585.750000000;3;9636123804;S
20240219;100026;586.000000000;2;9636123813;B
20240219;100026;586.000000000;2;9636123860;B
20240219;100026;586.000000000;88;9636123918;B
20240219;100026;585.750000000;37;9636123962;S
20240219;100026;585.750000000;2;9636124041;S
20240219;100027;585.700000000;63;9636124130;S
20240219;100027;585.650000000;217;9636124131;S
20240219;100027;585.600000000;34;9636124132;S
20240219;100027;585.600000000;5;9636124136;S
20240219;100027;586.000000000;72;9636124193;B
20240219;100028;586.000000000;1;9636124491;B
20240219;100029;586.000000000;3;9636124776;B
20240219;100029;585.600000000;97;9636124795;S
20240219;100029;585.600000000;2;9636124796;S
20240219;100029;585.600000000;3;9636124797;S
20240219;100029;585.600000000;198;9636124798;S
20240219;100030;585.550000000;3;9636124978;S
20240219;100030;586.000000000;1;9636125043;B
20240219;100030;585.600000000;1;9636125156;B
20240219;100031;585.600000000;2;9636125467;B
20240219;100031;585.600000000;47;9636125544;B
20240219;100031;585.600000000;3;9636125630;B
20240219;100032;585.600000000;63;9636125704;B
20240219;100032;586.000000000;28;9636125705;B
20240219;100032;586.000000000;9;9636125706;B
20240219;100032;586.000000000;1;9636125793;B
20240219;100033;586.000000000;3;9636125901;B
20240219;100033;586.000000000;7;9636125949;B
20240219;100033;586.000000000;1;9636125950;B
20240219;100033;585.600000000;4;9636126003;S
20240219;100033;586.000000000;1;9636126044;B
20240219;100033;586.000000000;42;9636126045;B
20240219;100033;586.000000000;136;9636126046;B
20240219;100033;586.050000000;136;9636126047;B
20240219;100033;586.050000000;706;9636126048;B
20240219;100033;586.100000000;136;9636126049;B
20240219;100033;586.200000000;2;9636126050;B
20240219;100033;586.200000000;2;9636126051;B
20240219;100033;586.200000000;3;9636126052;B
20240219;100033;586.200000000;200;9636126053;B
20240219;100033;586.200000000;769;9636126054;B
20240219;100033;586.200000000;200;9636126055;S
20240219;100033;586.200000000;300;9636126056;S
20240219;100034;586.350000000;2;9636126179;B
20240219;100034;586.350000000;5;9636126180;B
20240219;100035;586.400000000;1;9636126505;B
20240219;100036;586.200000000;1;9636126759;S
20240219;100036;586.400000000;1;9636126850;B
20240219;100036;586.400000000;6;9636126874;B
20240219;100036;586.500000000;2;9636126875;B
20240219;100036;586.500000000;200;9636126876;B
20240219;100036;586.500000000;3;9636126877;B
20240219;100036;586.500000000;1;9636126878;B
20240219;100036;586.500000000;8;9636126879;B
20240219;100037;586.200000000;1;9636126993;S
20240219;100038;586.200000000;12;9636127268;S
20240219;100040;586.500000000;5;9636128257;B
20240219;100040;586.500000000;10;9636128307;B
20240219;100041;586.400000000;1;9636128393;S
20240219;100041;586.200000000;3;9636128446;S
20240219;100042;586.200000000;3;9636128922;S
20240219;100043;586.200000000;21;9636128975;S
20240219;100043;586.450000000;1;9636128978;B
20240219;100043;586.200000000;26;9636129023;S
20240219;100043;586.450000000;52;9636129161;B
20240219;100044;586.450000000;83;9636129326;B
20240219;100044;586.500000000;55;9636129327;B
20240219;100045;586.450000000;3;9636129454;B
20240219;100045;586.200000000;3;9636129466;S
20240219;100045;586.200000000;1;9636129578;S
20240219;100045;586.350000000;3;9636129588;B
20240219;100046;586.200000000;3;9636129857;S
20240219;100048;586.200000000;1;9636130248;S
20240219;100048;586.350000000;1;9636130302;B
20240219;100048;586.200000000;3;9636130398;S
20240219;100048;586.350000000;1;9636130402;B
20240219;100049;586.350000000;2;9636130717;B
20240219;100050;586.350000000;5;9636130994;B
20240219;100051;586.200000000;3;9636131061;S
20240219;100051;586.200000000;3;9636131104;S
20240219;100051;586.250000000;5;9636131117;B
20240219;100051;586.200000000;1;9636131125;S
20240219;100051;586.250000000;1;9636131238;B
20240219;100052;586.250000000;1;9636131403;B
20240219;100052;586.200000000;2;9636131426;S
20240219;100052;586.250000000;2;9636131441;B
20240219;100053;586.200000000;4;9636131756;S
20240219;100053;586.250000000;2;9636131758;B
20240219;100053;586.250000000;100;9636131827;B
20240219;100054;586.200000000;4;9636131944;S
20240219;100054;586.250000000;1;9636132017;B
20240219;100054;586.250000000;24;9636132042;B
20240219;100054;586.250000000;177;9636132043;B
20240219;100054;586.200000000;550;9636132127;S
20240219;100054;586.200000000;11;9636132162;S
20240219;100055;586.250000000;1;9636132357;B
20240219;100055;586.250000000;2;9636132383;B
20240219;100056;586.250000000;2;9636132427;B
20240219;100056;586.250000000;2;9636132578;B
20240219;100057;586.250000000;2;9636132717;B
20240219;100058;586.250000000;200;9636132900;B
20240219;100058;586.250000000;51;9636132905;B
20240219;100058;586.200000000;178;9636133027;S
20240219;100058;586.250000000;4;9636133047;B
20240219;100058;586.250000000;3;9636133052;B
20240219;100100;586.200000000;8;9636133792;S
20240219;100101;586.250000000;3;9636133975;B
20240219;100101;586.250000000;4;9636133979;B
20240219;100101;586.200000000;3;9636133982;S
20240219;100103;586.300000000;1;9636134499;B
20240219;100103;586.300000000;19;9636134500;B
20240219;100105;586.350000000;1;9636134896;B
20240219;100106;586.250000000;100;9636135026;S
20240219;100106;586.200000000;70;9636135027;S
20240219;100106;586.350000000;12;9636135106;B
20240219;100106;586.200000000;130;9636135113;S
20240219;100108;586.200000000;5;9636135564;S
20240219;100108;586.350000000;10;9636135572;B
20240219;100108;586.350000000;1;9636135629;B
20240219;100112;586.350000000;44;9636136523;B
20240219;100115;586.250000000;5;9636137033;S
20240219;100115;586.400000000;3;9636137058;B
20240219;100117;586.250000000;1;9636137652;S
20240219;100117;586.400000000;1;9636137657;B
20240219;100118;586.400000000;1;9636138082;B
20240219;100122;586.250000000;50;9636138766;S
20240219;100122;586.250000000;1;9636138767;S
20240219;100122;586.200000000;349;9636138768;S
20240219;100123;586.350000000;20;9636139069;B
20240219;100124;586.300000000;1;9636139207;S
20240219;100125;586.200000000;9;9636139329;S
20240219;100126;586.200000000;900;9636139551;S
20240219;100126;586.200000000;5;9636139737;S
20240219;100128;586.350000000;1;9636140545;B
20240219;100128;586.200000000;8;9636140672;S
20240219;100130;586.200000000;4;9636141298;S
20240219;100130;586.200000000;2;9636141313;S
20240219;100130;586.200000000;2;9636141353;S
20240219;100130;586.250000000;1;9636141363;B
20240219;100130;586.200000000;2;9636141411;S
20240219;100130;586.250000000;3;9636141464;B
20240219;100132;586.250000000;3;9636141871;B
20240219;100132;586.200000000;13;9636141886;S
20240219;100132;586.200000000;1;9636141911;S
20240219;100132;586.250000000;20;9636141983;B
20240219;100133;586.250000000;1;9636142211;B
20240219;100135;586.250000000;22;9636142725;B
20240219;100136;586.200000000;10;9636142931;S
20240219;100137;586.200000000;414;9636143139;S
20240219;100137;586.200000000;414;9636143140;S
20240219;100137;586.200000000;276;9636143141;S
20240219;100137;586.250000000;4;9636143165;B
20240219;100138;586.250000000;11;9636143245;B
20240219;100138;586.250000000;1;9636143257;B
20240219;100138;586.250000000;3;9636143279;B
20240219;100138;586.200000000;3;9636143357;S
20240219;100139;586.250000000;100;9636143477;B
20240219;100139;586.200000000;3;9636143609;S
20240219;100145;586.300000000;3;9636144895;B
20240219;100145;586.300000000;1;9636144998;B
20240219;100146;586.200000000;2;9636145158;S
20240219;100148;586.300000000;30;9636145685;B
20240219;100149;586.200000000;490;9636145964;S
20240219;100150;586.200000000;5;9636146115;S
20240219;100150;586.200000000;1;9636146130;S
20240219;100151;586.250000000;10;9636146334;B
20240219;100152;586.200000000;17;9636146457;S
20240219;100152;586.200000000;1;9636146495;S
20240219;100152;586.200000000;169;9636146502;S
20240219;100152;586.200000000;217;9636146503;S
20240219;100153;586.250000000;2;9636146682;B
20240219;100154;586.250000000;20;9636146993;B
20240219;100155;586.200000000;1;9636147057;S
20240219;100155;586.200000000;3;9636147175;S
20240219;100155;586.250000000;2;9636147198;B
20240219;100155;586.200000000;6;9636147221;S
20240219;100155;586.200000000;1;9636147222;S
20240219;100156;586.250000000;2;9636147257;B
20240219;100156;586.250000000;100;9636147506;B
20240219;100157;586.250000000;1;9636147567;B
20240219;100157;586.250000000;1;9636147579;B
20240219;100157;586.200000000;60;9636147784;S
20240219;100159;586.250000000;3;9636147992;B
20240219;100159;586.250000000;1;9636148107;B
20240219;100159;586.200000000;3;9636148112;S
20240219;100200;586.250000000;1;9636148130;B
20240219;100200;586.200000000;10;9636148211;S
20240219;100200;586.200000000;4;9636148272;S
20240219;100200;586.200000000;2;9636148336;S
20240219;100201;586.200000000;3;9636148562;S
20240219;100202;586.200000000;100;9636148642;S
20240219;100202;586.250000000;2;9636148743;B
20240219;100202;586.200000000;117;9636148745;S
20240219;100202;586.200000000;5;9636148746;S
20240219;100202;586.200000000;10;9636148747;S
20240219;100202;586.200000000;3;9636148748;S
20240219;100202;586.200000000;18;9636148749;S
20240219;100202;586.200000000;5;9636148750;S
20240219;100202;586.200000000;2;9636148751;S
20240219;100203;586.200000000;5;9636148858;S
20240219;100203;586.200000000;15;9636148859;S
20240219;100203;586.200000000;4;9636148860;S
20240219;100203;586.200000000;3;9636148861;S
20240219;100203;586.050000000;103;9636148862;S
20240219;100204;586.200000000;1;9636149048;B
20240219;100205;586.200000000;2;9636149279;B
20240219;100209;586.200000000;17;9636150143;B
20240219;100211;586.250000000;5;9636150392;B
20240219;100211;586.250000000;2;9636150401;B
20240219;100217;586.050000000;185;9636151534;S
20240219;100217;586.000000000;25;9636151535;S
20240219;100217;586.000000000;1;9636151536;S
20240219;100217;586.000000000;1;9636151537;S
20240219;100217;586.000000000;148;9636151538;S
20240219;100217;586.050000000;5;9636151684;S
20240219;100218;586.050000000;1;9636151735;S
20240219;100218;586.250000000;1;9636151873;B
20240219;100218;586.250000000;9;9636151910;B
20240219;100220;586.250000000;1;9636152144;B
20240219;100222;586.250000000;10;9636152561;B
