<DATE>;<TIME>;<LAST>;<VOL>;<ID>;<OPER>
20240327;095931;556.1;1;9949977272;B
20240327;095931;556.1;19;9949977273;B
20240327;095931;556.1;251;9949977274;S
20240327;095931;556.1;1;9949977275;S
20240327;095931;556.1;1;9949977276;B
20240327;095931;556.1;150;9949977277;B
20240327;095931;556.1;2;9949977278;B
20240327;095931;556.1;1;9949977279;B
20240327;095931;556.1;1;9949977280;B
20240327;095931;556.1;6;9949977281;B
20240327;095931;556.1;2;9949977282;B
20240327;095931;556.1;1;9949977283;B
20240327;095931;556.1;3;9949977284;B
20240327;095931;556.1;10;9949977285;B
20240327;095931;556.1;1;9949977286;B
20240327;095931;556.1;2;9949977287;B
20240327;095931;556.1;1;9949977288;B
20240327;095931;556.1;1;9949977289;S
20240327;095931;556.1;2;9949977290;S
20240327;095931;556.1;3;9949977291;B
20240327;095931;556.1;19;9949977292;B
20240327;095931;556.1;2;9949977293;B
20240327;095931;556.1;4;9949977294;B
20240327;095931;556.1;2;9949977295;S
20240327;095931;556.1;300;9949977296;B
20240327;095931;556.1;1;9949977297;B
20240327;095931;556.1;100;9949977298;B
20240327;095931;556.1;9;9949977299;B
20240327;095931;556.1;1;9949977300;B
20240327;095931;556.1;40;9949977301;B
20240327;095931;556.1;15;9949977302;B
20240327;095931;556.1;100;9949977303;B
20240327;095931;556.1;1;9949977304;B
20240327;095931;556.1;18;9949977305;B
20240327;095931;556.1;10;9949977306;B
20240327;095931;556.1;18;9949977307;B
20240327;095931;556.1;6;9949977308;B
20240327;095931;556.1;2;9949977309;B
20240327;095931;556.1;1;9949977310;B
20240327;095931;556.1;2;9949977311;B
20240327;095931;556.1;4;9949977312;B
20240327;095931;556.1;1;9949977313;B
20240327;095931;556.1;4;9949977314;B
20240327;095931;556.1;104;9949977315;B
20240327;095931;556.1;2;9949977316;S
20240327;095931;556.1;2;9949977317;S
20240327;095931;556.1;50;9949977318;S
20240327;095931;556.1;1;9949977319;S
20240327;095931;556.1;200;9949977320;S
20240327;095931;556.1;92;9949977321;S
20240327;095931;556.1;2;9949977322;S
20240327;095931;556.1;147;9949977323;S
20240327;095931;556.1;3;9949977324;B
20240327;095931;556.1;100;9949977325;S
20240327;095931;556.1;36;9949977326;B
20240327;095931;556.1;1;9949977327;S
20240327;095931;556.1;1;9949977328;S
20240327;095931;556.1;1;9949977329;S
20240327;095931;556.1;1;9949977330;S
20240327;095931;556.1;1;9949977331;S
20240327;095931;556.1;1;9949977332;S
20240327;095931;556.1;4;9949977333;S
20240327;095931;556.1;1;9949977334;S
20240327;095931;556.1;1;9949977335;S
20240327;095931;556.1;1;9949977336;S
20240327;095931;556.1;1;9949977337;S
20240327;095931;556.1;36;9949977338;S
20240327;095931;556.1;1;9949977339;S
20240327;095931;556.1;2;9949977340;S
20240327;095931;556.1;6;9949977341;S
20240327;095931;556.1;1;9949977342;S
20240327;095931;556.1;8;9949977343;S
20240327;095931;556.1;1;9949977344;S
20240327;095931;556.1;2;9949977345;S
20240327;095931;556.1;1;9949977346;S
20240327;095931;556.1;1;9949977347;S
20240327;095931;556.1;2;9949977348;S
20240327;095931;556.1;2;9949977349;S
20240327;095931;556.1;2;9949977350;S
20240327;095931;556.1;10;9949977351;S
20240327;095931;556.1;2;9949977352;S
20240327;095931;556.1;1;9949977353;S
20240327;095931;556.1;1;9949977354;S
20240327;095931;556.1;1;9949977355;S
20240327;095931;556.1;1;9949977356;S
20240327;095931;556.1;2;9949977357;S
20240327;095931;556.1;17;9949977358;S
20240327;095931;556.1;2;9949977359;S
20240327;095931;556.1;20;9949977360;S
20240327;095931;556.1;1;9949977361;S
20240327;095931;556.1;1;9949977362;S
20240327;095931;556.1;10;9949977363;S
20240327;095931;556.1;88;9949977364;S
20240327;095931;556.1;1;9949977365;S
20240327;095931;556.1;1;9949977366;S
20240327;095931;556.1;2;9949977367;S
20240327;095931;556.1;1;9949977368;S
20240327;095931;556.1;1;9949977369;S
20240327;095931;556.1;1;9949977370;S
20240327;095931;556.1;5;9949977371;S
20240327;095931;556.1;200;9949977372;S
20240327;095931;556.1;1;9949977373;S
20240327;095931;556.1;10;9949977374;S
20240327;095931;556.1;6;9949977375;S
20240327;095931;556.1;2;9949977376;B
20240327;095931;556.1;297;9949977377;B
20240327;095931;556.1;10;9949977378;S
20240327;095931;556.1;8;9949977379;B
20240327;095931;556.1;1;9949977380;B
20240327;095931;556.1;3;9949977381;B
20240327;095931;556.1;3;9949977382;B
20240327;095931;556.1;10;9949977383;S
20240327;095931;556.1;4;9949977384;B
20240327;095931;556.1;58;9949977385;B
20240327;095931;556.1;5;9949977386;B
20240327;095931;556.1;7;9949977387;S
20240327;095931;556.1;94;9949977388;S
20240327;095931;556.1;2;9949977389;S
20240327;095931;556.1;1;9949977390;S
20240327;095931;556.1;17;9949977391;S
20240327;095931;556.1;1;9949977392;S
20240327;095931;556.1;2;9949977393;B
20240327;095931;556.1;33;9949977394;B
20240327;095931;556.1;1;9949977395;B
20240327;095931;556.1;1;9949977396;B
20240327;095931;556.1;1;9949977397;B
20240327;095931;556.1;2;9949977398;B
20240327;095931;556.1;1;9949977399;B
20240327;095931;556.1;1;9949977400;B
20240327;095931;556.1;1;9949977401;B
20240327;095931;556.1;2;9949977402;B
20240327;095931;556.1;2;9949977403;B
20240327;095931;556.1;2;9949977404;B
20240327;095931;556.1;43;9949977405;B
20240327;100000;556.1;5;9949983972;B
20240327;100000;556.1;2;9949983973;B
20240327;100000;556.1;1;9949983974;B
20240327;100000;556.1;1;9949983975;B
20240327;100000;556.1;2;9949983976;B
20240327;100000;556.1;1;9949983977;B
20240327;100000;556.1;1;9949983978;B
20240327;100000;556.1;2;9949983979;B
20240327;100000;556.1;4;9949983980;B
20240327;100000;556.1;2;9949983981;B
20240327;100000;556.1;3;9949983982;B
20240327;100000;556.1;2;9949983983;B
20240327;100000;556.1;4;9949983984;B
20240327;100000;556.1;2;9949983985;B
20240327;100000;556.1;1;9949983986;B
20240327;100000;556.1;3;9949983987;B
20240327;100000;556.1;1;9949983988;B
20240327;100000;556.1;63;9949983989;B
20240327;100000;556.1;37;9949983990;B
20240327;100000;556.1;1;9949983991;B
20240327;100000;556.1;2;9949983992;B
20240327;100000;556.1;3;9949983993;B
20240327;100000;556.1;1;9949983994;B
20240327;100000;556.1;1;9949983995;B
20240327;100000;556.1;3;9949983996;B
20240327;100000;556.1;6;9949983997;B
20240327;100000;556.25;1;9949984095;B
20240327;100000;556.25;5;9949984096;B
20240327;100000;556.25;1;9949984097;B
20240327;100000;556.25;39;9949984098;B
20240327;100000;556.35;5;9949984179;B
20240327;100000;556.35;1;9949984185;S
20240327;100000;556.3;1;9949984194;S
20240327;100000;556.4;94;9949984195;B
20240327;100000;556.4;100;9949984214;B
20240327;100000;556.4;100;9949984218;B
20240327;100000;556.45;5;9949984278;B
20240327;100000;556.5;1;9949984279;B
20240327;100000;556.5;14;9949984280;B
20240327;100000;556.55;5;9949984281;B
20240327;100000;556.6;9;9949984282;B
20240327;100000;556.6;100;9949984288;B
20240327;100004;556.65;1;9949987050;B
20240327;100004;556.65;1;9949987052;B
20240327;100004;556.65;2;9949987054;B
20240327;100004;556.65;1;9949987060;B
20240327;100004;556.6;2;9949987062;S
20240327;100004;556.65;2;9949987065;B
20240327;100004;556.6;1;9949987066;S
20240327;100004;556.6;1;9949987067;S
20240327;100004;556.6;1;9949987068;S
20240327;100004;556.65;1;9949987069;B
20240327;100004;556.7;1;9949987070;B
20240327;100004;556.7;1;9949987071;B
20240327;100004;556.6;7;9949987072;S
20240327;100004;556.6;2;9949987073;S
20240327;100004;556.7;2;9949987074;B
20240327;100004;556.7;1;9949987075;B
20240327;100004;556.7;2;9949987076;B
20240327;100004;556.7;1;9949987077;B
20240327;100004;556.6;2;9949987078;S
20240327;100004;556.7;1;9949987453;B
20240327;100004;556.7;5;9949987454;B
20240327;100004;556.6;2;9949987456;S
20240327;100004;556.6;3;9949987458;S
20240327;100004;556.6;2;9949987460;S
20240327;100004;556.6;2;9949987461;S
20240327;100004;556.7;1;9949987464;B
20240327;100004;556.6;1;9949987467;S
20240327;100004;556.7;2;9949987468;B
20240327;100004;556.6;2;9949987470;S
20240327;100004;556.7;1;9949987472;B
20240327;100004;556.7;1;9949987473;B
20240327;100004;556.7;1;9949987625;B
20240327;100004;556.6;1;9949987626;S
20240327;100004;556.55;2;9949987627;S
20240327;100004;556.7;1;9949987628;B
20240327;100004;556.55;1;9949987629;S
20240327;100005;556.55;2;9949987831;S
20240327;100005;556.55;2;9949987856;S
20240327;100005;556.7;5;9949987891;B
20240327;100005;556.7;2;9949988123;B
20240327;100005;556.7;1;9949988126;B
20240327;100005;556.75;2;9949988129;B
20240327;100005;556.7;2;9949988133;S
20240327;100005;556.75;2;9949988138;B
20240327;100005;556.75;1;9949988144;B
20240327;100005;556.8;1;9949988245;B
20240327;100005;556.8;2;9949988246;B
20240327;100005;556.8;6;9949988256;B
20240327;100006;556.8;2;9949988539;B
20240327;100006;556.85;5;9949988540;B
20240327;100006;556.85;38;9949988541;B
20240327;100006;556.85;59;9949988542;B
20240327;100006;556.9;10;9949988543;B
20240327;100006;556.95;5;9949988544;B
20240327;100006;556.95;32;9949988545;B
20240327;100006;556.95;200;9949988546;B
20240327;100006;556.95;49;9949988547;B
20240327;100006;556.9;3;9949988616;S
20240327;100006;556.95;1;9949988626;B
20240327;100006;556.95;1;9949988631;B
20240327;100006;556.95;3;9949988636;B
20240327;100006;556.9;2;9949988637;S
20240327;100006;556.95;2;9949988646;B
20240327;100006;556.9;2;9949988659;S
20240327;100006;556.95;1;9949988664;B
20240327;100006;556.9;1;9949988677;S
20240327;100006;556.95;1;9949988680;B
20240327;100006;556.9;2;9949988684;S
20240327;100006;556.95;1;9949988689;B
20240327;100006;556.95;1;9949988694;B
20240327;100006;556.95;2;9949988699;B
20240327;100006;556.9;2;9949988704;S
20240327;100006;556.9;2;9949988710;S
20240327;100006;556.95;1;9949988716;B
20240327;100006;556.9;2;9949988719;S
20240327;100006;556.95;6;9949988723;B
20240327;100006;556.9;2;9949988726;S
20240327;100006;556.95;1;9949988730;B
20240327;100006;556.9;15;9949988758;S
20240327;100006;556.95;1;9949988763;B
20240327;100006;556.95;1;9949988771;B
20240327;100006;556.9;1;9949988781;S
20240327;100006;556.9;3;9949988783;S
20240327;100006;556.9;2;9949988787;S
20240327;100006;556.95;1;9949988788;B
20240327;100006;556.95;2;9949988792;B
20240327;100006;556.95;3;9949988794;B
20240327;100006;556.9;8;9949988796;S
20240327;100006;556.9;15;9949988803;S
20240327;100006;556.95;1;9949988805;B
20240327;100006;556.9;1;9949988817;S
20240327;100006;556.95;1;9949988818;B
20240327;100006;556.9;1;9949988830;S
20240327;100006;556.95;2;9949988831;B
20240327;100006;556.95;2;9949988838;B
20240327;100006;556.9;5;9949988839;S
20240327;100006;556.95;10;9949988842;B
20240327;100006;556.9;1;9949988844;S
20240327;100006;556.9;1;9949988847;S
20240327;100006;556.95;1;9949988849;B
20240327;100006;556.9;2;9949988851;S
20240327;100006;556.9;2;9949988854;S
20240327;100006;556.95;1;9949988860;B
20240327;100006;556.9;1;9949988861;S
20240327;100006;556.9;14;9949989114;S
20240327;100006;556.95;2;9949989275;B
20240327;100006;556.95;2;9949989286;B
20240327;100006;556.9;2;9949989291;S
20240327;100006;556.9;2;9949989295;S
20240327;100006;556.95;30;9949989301;B
20240327;100006;556.95;30;9949989303;B
20240327;100006;556.95;1;9949989307;B
20240327;100006;556.9;2;9949989313;S
20240327;100006;556.95;1;9949989318;B
20240327;100006;556.9;2;9949989321;S
20240327;100006;556.95;10;9949989480;B
20240327;100006;556.9;2;9949989483;S
20240327;100006;556.95;2;9949989488;B
20240327;100006;556.95;1;9949989494;B
20240327;100006;556.95;1;9949989503;B
20240327;100006;556.9;1;9949989506;S
20240327;100006;556.95;2;9949989512;B
20240327;100006;556.95;1;9949989522;B
20240327;100006;556.9;1;9949989535;S
20240327;100006;556.95;2;9949989548;B
20240327;100006;556.9;1;9949989563;S
20240327;100006;556.95;1;9949989575;B
20240327;100006;556.95;100;9949989584;B
20240327;100006;556.95;84;9949989655;B
20240327;100006;556.9;6;9949989803;S
20240327;100006;556.9;1;9949989927;S
20240327;100006;556.9;2;9949989929;S
20240327;100006;556.95;2;9949989930;B
20240327;100006;556.95;1;9949989932;B
20240327;100006;556.9;1;9949989934;S
20240327;100006;556.9;2;9949989936;S
20240327;100006;556.95;1;9949989938;B
20240327;100006;556.9;1;9949989940;S
20240327;100006;556.95;1;9949989942;B
20240327;100006;556.95;1;9949989943;B
20240327;100006;556.9;2;9949990019;S
20240327;100006;556.9;22;9949990020;S
20240327;100006;556.9;1;9949990024;S
20240327;100006;556.9;1;9949990025;S
20240327;100006;556.95;1;9949990028;B
20240327;100006;556.95;2;9949990038;B
20240327;100006;556.95;1;9949990165;B
20240327;100006;556.95;10;9949990170;B
20240327;100006;556.9;1;9949990176;S
20240327;100006;556.95;2;9949990182;B
20240327;100006;556.95;32;9949990189;B
20240327;100006;556.95;1;9949990193;B
20240327;100006;556.95;2;9949990201;B
20240327;100006;556.9;2;9949990263;S
20240327;100006;556.9;1;9949990264;S
20240327;100006;556.95;2;9949990267;B
20240327;100006;556.95;75;9949990268;B
20240327;100006;556.95;8;9949990269;B
20240327;100006;556.95;1;9949990270;B
20240327;100006;556.95;9;9949990272;B
20240327;100006;557;1;9949990273;B
20240327;100006;556.9;4;9949990274;S
20240327;100006;557;2;9949990276;B
20240327;100006;557;1;9949990277;B
20240327;100006;557;1;9949990278;B
20240327;100007;557;5;9949990355;B
20240327;100007;556.9;2;9949990358;S
20240327;100007;556.9;1;9949990362;S
20240327;100007;557;1;9949990363;B
20240327;100007;557;2;9949990367;B
20240327;100007;556.9;2;9949990368;S
20240327;100007;556.9;2;9949990371;S
20240327;100007;556.9;2;9949990375;S
20240327;100007;556.9;2;9949990376;S
20240327;100007;556.9;2;9949990377;S
20240327;100007;557;2;9949990464;B
20240327;100007;557;98;9949990465;B
20240327;100007;557;21;9949990468;B
20240327;100007;556.9;1;9949990788;S
20240327;100007;557;1;9949990791;B
20240327;100007;557;1;9949990792;B
20240327;100007;556.9;5;9949990793;S
20240327;100007;556.9;2;9949990795;S
20240327;100007;556.9;2;9949990796;S
20240327;100007;556.9;1;9949990798;S
20240327;100007;556.9;78;9949990799;S
20240327;100007;557;379;9949990913;B
20240327;100007;557;25;9949990914;B
20240327;100007;557;64;9949990915;B
20240327;100007;557;500;9949990916;B
20240327;100007;557;1;9949990917;B
20240327;100007;557;4;9949990918;B
20240327;100007;557;27;9949990919;B
20240327;100007;556.9;2;9949991013;S
20240327;100007;556.9;4;9949991017;S
20240327;100007;556.9;1;9949991034;S
20240327;100007;557;1;9949991038;B
20240327;100007;556.9;1;9949991050;S
20240327;100007;557;1;9949991052;B
20240327;100007;557;1;9949991057;B
20240327;100007;556.9;2;9949991060;S
20240327;100007;556.9;66;9949991112;S
20240327;100007;557;5;9949991223;B
20240327;100007;557;1;9949991225;B
20240327;100007;557;1;9949991228;B
20240327;100007;557;6;9949991230;B
20240327;100007;557;1;9949991231;B
20240327;100007;557;1;9949991272;B
20240327;100007;557;2;9949991279;B
20240327;100007;556.9;2;9949991286;S
20240327;100007;556.9;2;9949991291;S
20240327;100007;557;1;9949991294;B
20240327;100007;557;1;9949991296;B
20240327;100007;556.9;2;9949991300;S
20240327;100007;557;1;9949991304;B
20240327;100007;556.9;2;9949991307;S
20240327;100007;556.9;2;9949991310;S
20240327;100007;556.9;1;9949991321;S
20240327;100007;556.9;1;9949991327;S
20240327;100007;557;2;9949991331;B
20240327;100007;556.9;1;9949991648;S
20240327;100007;557;2;9949991652;B
20240327;100007;557;2;9949991655;B
20240327;100007;557;1;9949991659;B
20240327;100007;557;1;9949991662;B
20240327;100007;557;1;9949991665;B
20240327;100007;557;1;9949991668;B
20240327;100007;556.9;2;9949991673;S
20240327;100007;557;2;9949991678;B
20240327;100007;557;1;9949991682;B
20240327;100007;556.9;15;9949991704;S
20240327;100007;557;10;9949991706;B
20240327;100007;557;1;9949991709;B
20240327;100007;557;2;9949991712;B
20240327;100007;556.9;2;9949991715;S
20240327;100007;556.9;2;9949991719;S
20240327;100007;557;1;9949991726;B
20240327;100007;556.9;2;9949991729;S
20240327;100007;557;1;9949991733;B
20240327;100007;557;1;9949991736;B
20240327;100007;556.9;2;9949991740;S
20240327;100007;556.9;2;9949991745;S
20240327;100007;557;1;9949991757;B
20240327;100007;557;1;9949991761;B
20240327;100007;557;1;9949991764;B
20240327;100007;556.9;10;9949991766;S
20240327;100007;556.9;1;9949991768;S
20240327;100007;557;1;9949991770;B
20240327;100007;557;1;9949991773;B
20240327;100007;557;1;9949991775;B
20240327;100007;556.9;1;9949991790;S
20240327;100007;557;1;9949991791;B
20240327;100007;556.9;1;9949991794;S
20240327;100007;557;2;9949991797;B
20240327;100007;557;2;9949991800;B
20240327;100007;557;1;9949991802;B
20240327;100007;557;1;9949991805;B
20240327;100007;556.9;1;9949991807;S
20240327;100007;556.9;10;9949991885;S
20240327;100008;557;5;9949992071;B
20240327;100009;557;99;9949992483;B
20240327;100010;557;100;9949992569;B
20240327;100010;557;63;9949992894;B
20240327;100010;556.95;10;9949992976;B
20240327;100011;556.95;10;9949993199;B
20240327;100011;557;24;9949993219;B
20240327;100011;557;120;9949993220;B
20240327;100011;557;2;9949993221;B
20240327;100011;557;2;9949993222;B
20240327;100011;557;10;9949993223;B
20240327;100011;557;10;9949993224;B
20240327;100011;557;27;9949993273;B
20240327;100011;556.95;12;9949993362;B
20240327;100013;557;1;9949993749;B
20240327;100013;557;2;9949993784;B
20240327;100015;557;50;9949994116;B
20240327;100015;557;500;9949994117;B
20240327;100015;557;100;9949994118;B
20240327;100015;557;100;9949994120;B
20240327;100015;557;100;9949994121;B
20240327;100015;557;100;9949994122;B
20240327;100015;557;100;9949994123;B
20240327;100015;557;100;9949994124;B
20240327;100015;557;100;9949994125;B
20240327;100015;557;100;9949994126;B
20240327;100015;557;100;9949994127;B
20240327;100015;557;100;9949994128;B
20240327;100015;557;100;9949994129;B
20240327;100015;557;100;9949994130;B
20240327;100015;557;100;9949994131;B
20240327;100015;557;100;9949994132;B
20240327;100015;557;100;9949994134;B
20240327;100015;557;100;9949994135;B
20240327;100015;557;100;9949994136;B
20240327;100015;557;100;9949994137;B
20240327;100015;557;1;9949994138;B
20240327;100015;557.05;5;9949994140;B
20240327;100015;557.05;1;9949994141;B
20240327;100015;557.1;1;9949994142;B
20240327;100015;557.15;5;9949994153;B
20240327;100015;557.15;2;9949994154;B
20240327;100015;557.15;1;9949994290;S
20240327;100015;557.2;2;9949994351;B
20240327;100016;557.2;197;9949994379;S
20240327;100016;557.15;53;9949994380;S
20240327;100017;557.15;9;9949994739;S
20240327;100017;557.25;2;9949994799;B
20240327;100017;557.25;10;9949994800;B
20240327;100017;557.3;2;9949994801;B
20240327;100017;557.3;236;9949994802;B
20240327;100018;557.25;106;9949994924;S
20240327;100018;557.25;194;9949994925;S
20240327;100018;557.3;27;9949995024;B
20240327;100018;557.25;2;9949995041;S
20240327;100019;557.3;1;9949995328;B
20240327;100019;557.3;2;9949995366;B
20240327;100020;557.3;400;9949995403;B
20240327;100020;557.25;4;9949995427;S
20240327;100020;557.25;2;9949995478;S
20240327;100021;557.3;30;9949995594;B
20240327;100021;557.3;301;9949995677;B
20240327;100021;557.3;2;9949995678;B
20240327;100021;557.3;20;9949995679;B
20240327;100021;557.3;102;9949995680;B
20240327;100021;557.3;10;9949995681;B
20240327;100021;557.3;8;9949995682;B
20240327;100021;557.3;143;9949995683;B
20240327;100024;557.35;2;9949996127;B
20240327;100024;557.35;143;9949996128;B
20240327;100024;557.35;364;9949996129;B
20240327;100024;557.3;4;9949996256;S
20240327;100024;557.35;3;9949996258;B
20240327;100025;557.3;285;9949996319;S
20240327;100025;557.3;100;9949996320;S
20240327;100025;557.3;103;9949996321;S
20240327;100025;557.3;5;9949996357;B
20240327;100025;557.25;91;9949996517;S
20240327;100025;557.25;145;9949996518;S
20240327;100025;557.3;117;9949996524;B
20240327;100025;557.25;3;9949996565;S
20240327;100027;557.3;1;9949997122;B
20240327;100028;557.3;20;9949997181;B
20240327;100028;557.3;1000;9949997182;B
20240327;100028;557.3;403;9949997183;B
20240327;100028;557.3;340;9949997184;B
20240327;100028;557.35;140;9949997185;B
20240327;100028;557.35;100;9949997186;B
20240327;100028;557.35;500;9949997187;B
20240327;100028;557.4;2;9949997188;B
20240327;100028;557.4;143;9949997189;B
20240327;100028;557.45;1;9949997190;B
20240327;100028;557.45;2;9949997191;B
20240327;100028;557.45;10;9949997192;B
20240327;100028;557.45;5;9949997193;B
20240327;100028;557.5;134;9949997194;B
20240327;100028;557.45;143;9949997195;B
20240327;100028;557.45;209;9949997196;B
20240327;100028;557.45;100;9949997197;B
20240327;100028;557.45;50;9949997198;B
20240327;100028;557.4;275;9949997240;S
20240327;100028;557.4;25;9949997261;S
20240327;100028;557.4;300;9949997262;S
20240327;100028;557.35;1;9949997420;B
20240327;100028;557.35;70;9949997443;B
20240327;100029;557.35;1;9949997652;B
20240327;100029;557.3;1;9949997664;S
20240327;100029;557.25;1;9949997665;S
20240327;100029;557.25;5;9949997666;S
20240327;100029;557.1;1;9949997667;S
20240327;100029;557.1;35;9949997668;S
20240327;100029;557.05;8;9949997669;S
20240327;100029;557;93;9949997715;S
20240327;100030;557;1;9949997794;S
20240327;100031;557.1;2;9949998001;B
20240327;100031;557.1;141;9949998016;B
20240327;100031;557.15;35;9949998017;B
20240327;100031;557.15;124;9949998018;B
20240327;100031;557.05;4;9949998040;S
20240327;100031;557.05;31;9949998042;S
20240327;100031;557;569;9949998043;S
20240327;100032;557.1;143;9949998117;B
20240327;100032;557.15;4;9949998118;B
20240327;100032;557.15;32;9949998119;B
20240327;100033;557.1;27;9949998447;B
20240327;100034;557;87;9949998582;S
20240327;100034;557;1;9949998583;S
20240327;100034;557;35;9949998584;S
20240327;100034;557;1;9949998585;S
20240327;100034;556.95;5;9949998586;S
20240327;100034;556.9;1;9949998587;S
20240327;100034;556.85;170;9949998588;S
20240327;100034;557;15;9949998602;B
20240327;100036;557;16;9949999086;B
20240327;100036;557.05;9;9949999087;B
20240327;100036;557.05;143;9949999088;B
20240327;100036;557.1;116;9949999089;B
20240327;100036;557.1;100;9949999090;B
20240327;100036;557.15;111;9949999091;B
20240327;100036;557.2;5;9949999092;B
20240327;100036;556.75;35;9949999244;S
20240327;100036;556.7;100;9949999245;S
20240327;100036;556.7;10;9949999246;S
20240327;100036;556.65;188;9949999247;S
20240327;100038;556.75;1;9949999487;S
20240327;100038;556.6;1;9949999488;S
20240327;100038;556.6;1;9949999489;S
20240327;100038;556.85;1;9949999540;B
20240327;100039;556.85;37;9949999743;B
20240327;100039;556.85;1;9949999870;B
20240327;100039;556.6;34;9949999931;S
20240327;100039;556.55;1;9949999932;S
20240327;100039;556.5;65;9949999933;S
20240327;100040;556.75;35;9950000126;B
20240327;100040;556.85;100;9950000127;B
20240327;100040;556.9;365;9950000128;B
20240327;100041;556.85;7;9950000278;B
20240327;100041;556.85;2;9950000335;B
20240327;100042;556.65;1;9950000709;S
20240327;100043;556.85;26;9950000752;B
20240327;100043;556.9;100;9950000753;B
20240327;100043;556.95;274;9950000754;B
20240327;100044;556.7;1;9950001041;S
20240327;100045;556.95;50;9950001145;B
20240327;100045;556.8;2;9950001193;S
20240327;100046;556.9;1;9950001491;B
20240327;100046;557;49;9950001492;B
20240327;100047;556.85;40;9950001569;S
20240327;100048;556.95;1;9950001992;B
20240327;100049;556.95;1;9950002449;B
20240327;100049;556.85;2;9950002471;S
20240327;100049;556.85;1;9950002472;S
20240327;100050;556.8;33;9950002538;S
20240327;100050;556.75;42;9950002539;S
20240327;100050;556.95;1;9950002662;B
20240327;100050;556.95;1;9950002680;B
20240327;100051;556.95;1;9950002950;B
20240327;100051;556.75;35;9950002998;S
20240327;100051;556.7;65;9950002999;S
20240327;100051;556.85;10;9950003190;B
20240327;100051;556.85;3;9950003326;B
20240327;100052;556.85;22;9950003458;B
20240327;100052;556.95;28;9950003459;B
20240327;100052;556.9;30;9950003519;B
20240327;100052;556.95;40;9950003520;B
20240327;100053;556.7;1;9950003712;S
20240327;100055;556.8;2;9950004256;B
20240327;100056;556.8;98;9950004533;B
20240327;100056;557;2;9950004534;B
20240327;100056;556.85;35;9950004603;S
20240327;100056;556.75;65;9950004604;S
20240327;100058;556.9;35;9950004854;B
20240327;100058;556.95;418;9950004855;B
20240327;100059;556.95;50;9950005090;B
20240327;100059;556.8;1;9950005314;S
20240327;100100;556.9;1;9950005327;B
20240327;100100;556.9;29;9950005383;S
20240327;100100;556.95;5;9950005384;B
20240327;100100;556.9;10;9950005441;S
20240327;100100;556.9;3;9950005504;S
20240327;100101;556.95;27;9950005570;B
20240327;100101;556.95;73;9950005571;B
20240327;100101;556.95;57;9950005572;B
20240327;100101;556.85;78;9950005751;S
20240327;100101;556.8;22;9950005752;S
20240327;100102;556.95;250;9950005932;B
20240327;100105;556.9;783;9950006650;B
20240327;100105;556.9;77;9950006651;B
20240327;100105;556.95;620;9950006652;B
20240327;100105;556.95;22;9950006653;B
20240327;100105;557;23;9950006654;B
20240327;100105;557;175;9950006655;B
20240327;100105;557;5;9950006809;B
20240327;100106;557;25;9950007010;B
20240327;100106;556.9;70;9950007014;S
20240327;100107;556.9;2;9950007112;S
20240327;100108;557;4;9950007499;B
20240327;100110;556.95;1;9950007828;S
20240327;100110;556.95;1;9950007829;S
20240327;100110;556.9;3;9950007830;S
20240327;100110;556.9;1;9950007834;S
20240327;100110;557;91;9950007902;B
20240327;100110;557.15;143;9950007903;B
20240327;100110;557.2;209;9950007904;B
20240327;100111;557.2;157;9950008057;B
20240327;100112;557.2;134;9950008328;B
20240327;100112;557.2;19;9950008329;B
20240327;100112;557.2;143;9950008330;B
20240327;100112;557.2;75;9950008331;B
20240327;100112;557.25;143;9950008332;B
20240327;100112;557.3;143;9950008333;B
20240327;100112;557.35;8;9950008334;B
20240327;100112;557.35;8;9950008335;B
20240327;100112;557.35;8;9950008336;B
20240327;100112;557.35;8;9950008337;B
20240327;100112;557.35;8;9950008338;B
20240327;100112;557.35;8;9950008339;B
20240327;100112;557.35;8;9950008340;B
20240327;100112;557.35;334;9950008341;B
20240327;100112;557.4;14;9950008342;B
20240327;100112;557.4;2;9950008343;B
20240327;100112;557.4;100;9950008344;B
20240327;100112;557.45;10;9950008345;B
20240327;100112;557.45;445;9950008346;B
20240327;100112;557.45;382;9950008347;B
20240327;100113;557.45;15;9950008430;B
20240327;100113;557.45;1;9950008552;B
20240327;100116;557.45;1;9950009067;B
20240327;100118;557.45;38;9950009630;B
20240327;100120;557.3;1;9950009911;S
20240327;100123;557.2;4;9950010453;S
20240327;100123;557.2;3;9950010529;S
20240327;100123;557.2;3;9950010610;S
20240327;100124;557.2;1;9950010687;S
20240327;100124;557.35;20;9950010704;B
20240327;100124;557.35;2;9950010710;B
20240327;100125;557.35;1;9950010890;B
20240327;100125;557.35;14;9950010914;B
20240327;100126;557.2;35;9950011061;S
20240327;100127;557.2;1;9950011234;B
20240327;100128;557.15;2;9950011440;S
20240327;100131;557.15;25;9950012059;B
20240327;100132;557.1;1;9950012314;S
20240327;100132;557.1;1;9950012315;S
20240327;100132;557;1;9950012316;S
20240327;100132;557;1;9950012317;S
20240327;100134;556.95;3;9950012618;S
20240327;100134;557.15;1;9950012779;B
20240327;100135;557.15;1;9950013017;B
20240327;100136;557.15;2;9950013127;B
20240327;100136;557.15;19;9950013139;B
20240327;100136;557;2;9950013204;S
20240327;100137;557;2;9950013496;S
20240327;100137;557.15;12;9950013521;B
20240327;100137;557.15;71;9950013522;B
20240327;100137;557.15;12;9950013523;B
20240327;100137;557.15;105;9950013524;B
20240327;100137;557.15;1;9950013539;B
20240327;100138;557.15;2;9950013631;B
20240327;100139;557.15;1;9950013872;B
20240327;100141;557.1;70;9950014481;B
20240327;100141;557.15;29;9950014482;B
20240327;100141;557.15;4;9950014500;B
20240327;100141;557;6;9950014589;S
20240327;100142;557;1;9950014700;B
20240327;100143;556.95;1;9950014755;S
20240327;100143;556.95;20;9950014756;S
20240327;100143;556.95;80;9950014883;S
20240327;100143;556.9;1;9950014884;S
20240327;100143;556.9;19;9950014885;S
20240327;100144;557;4;9950014994;B
20240327;100144;557;300;9950014995;B
20240327;100144;557;69;9950014996;B
20240327;100144;557.1;100;9950014997;B
20240327;100144;557.15;398;9950014998;B
20240327;100144;557.15;4;9950014999;B
20240327;100144;557.15;180;9950015000;B
20240327;100144;557.2;464;9950015001;B
20240327;100144;557.2;300;9950015002;B
20240327;100144;557.2;143;9950015003;B
20240327;100144;557.25;38;9950015004;B
20240327;100146;557.25;69;9950015610;B
20240327;100146;557.25;100;9950015611;B
20240327;100146;557.3;143;9950015612;B
20240327;100146;557.3;531;9950015613;B
20240327;100146;557.3;157;9950015614;B
20240327;100147;557.15;3;9950015727;S
20240327;100147;557.2;1;9950015882;B
20240327;100148;557.2;300;9950015924;B
20240327;100148;557.15;1;9950015957;S
20240327;100148;557.2;4;9950015968;B
20240327;100148;557.2;65;9950016032;B
20240327;100149;557.2;4;9950016289;B
20240327;100150;557.2;1;9950016324;B
20240327;100151;557.2;170;9950016535;B
20240327;100152;557.2;16;9950016851;B
20240327;100152;557.2;84;9950016852;B
20240327;100153;557.2;1;9950017132;B
20240327;100153;557.2;12;9950017143;B
20240327;100154;557.2;1;9950017209;B
20240327;100157;557.2;50;9950017814;B
20240327;100158;557.2;152;9950018096;B
20240327;100158;557.25;25;9950018097;B
20240327;100158;557.25;67;9950018098;B
20240327;100158;557.3;243;9950018099;B
20240327;100158;557.35;5;9950018100;B
20240327;100158;557.35;143;9950018101;B
20240327;100158;557.4;10;9950018102;B
20240327;100158;557.4;143;9950018103;B
20240327;100158;557.4;340;9950018104;B
20240327;100158;557.45;10;9950018105;B
20240327;100158;557.45;1;9950018106;B
20240327;100158;557.45;1;9950018107;B
20240327;100158;557.45;10;9950018108;B
20240327;100158;557.45;143;9950018109;B
20240327;100158;557.45;1;9950018110;B
20240327;100158;557.45;700;9950018111;B
20240327;100158;557.5;6;9950018112;B
20240327;100158;557.4;2;9950018135;B
20240327;100159;557.4;1;9950018260;B
20240327;100159;557.3;55;9950018296;S
20240327;100159;557.4;2;9950018304;B
20240327;100200;557.4;35;9950018437;B
20240327;100200;557.4;10;9950018507;S
20240327;100201;557.5;55;9950018840;B
20240327;100201;557.5;5;9950018841;B
20240327;100201;557.5;2;9950018842;B
20240327;100201;557.5;2;9950018843;B
20240327;100201;557.5;20;9950018844;B
20240327;100201;557.5;5;9950018845;B
20240327;100201;557.5;66;9950018846;B
20240327;100201;557.5;2;9950018860;B
20240327;100201;557.5;1;9950019070;B
20240327;100202;557.5;1;9950019221;B
20240327;100202;557.35;67;9950019359;S
20240327;100202;557.35;35;9950019360;S
20240327;100202;557.35;100;9950019361;S
20240327;100202;557.3;254;9950019362;S
20240327;100202;557.2;1;9950019363;S
20240327;100202;557.2;100;9950019364;S
20240327;100202;557.15;8;9950019365;S
20240327;100202;557.15;1;9950019366;S
20240327;100202;557.15;2;9950019367;S
20240327;100202;557.15;432;9950019368;S
20240327;100203;557.25;400;9950019581;S
20240327;100203;557.2;10;9950019734;S
20240327;100205;557.4;1;9950020060;B
20240327;100205;557.4;34;9950020140;B
20240327;100205;557.45;66;9950020141;B
20240327;100206;557.4;1;9950020277;B
20240327;100206;557.4;99;9950020348;B
20240327;100206;557.4;10;9950020349;B
20240327;100206;557.45;73;9950020379;B
20240327;100206;557.45;26;9950020380;B
20240327;100207;557.5;67;9950020464;B
20240327;100207;557.5;3;9950020477;B
20240327;100207;557.3;2;9950020532;S
20240327;100209;557.3;1;9950020967;S
20240327;100211;557.3;20;9950021258;S
20240327;100211;557.45;2;9950021305;B
20240327;100211;557.45;298;9950021306;B
20240327;100211;557.45;100;9950021307;B
20240327;100211;557.45;142;9950021308;B
20240327;100211;557.45;58;9950021309;B
20240327;100211;557.45;2;9950021438;B
20240327;100211;557.45;3;9950021439;B
20240327;100212;557.35;60;9950021602;S
20240327;100214;557.4;1;9950021890;B
20240327;100215;557.35;2;9950022072;S
20240327;100217;557.35;38;9950022553;S
20240327;100217;557.3;1;9950022554;S
20240327;100219;557.3;1;9950022746;B
20240327;100219;557.3;3;9950022806;B
20240327;100220;557.25;1;9950022993;S
20240327;100221;557.25;2;9950023103;B
20240327;100221;557.25;1;9950023126;B
20240327;100222;557.25;100;9950023279;B
20240327;100222;557.2;1;9950023298;S
20240327;100222;557.15;3;9950023299;S
20240327;100223;557.1;5;9950023464;S
20240327;100223;557.1;10;9950023473;S
20240327;100223;557.25;1;9950023573;B
20240327;100223;557.25;3;9950023586;B
20240327;100225;557.25;2;9950024020;B
20240327;100226;557.25;15;9950024130;B
20240327;100226;557.25;2;9950024131;B
20240327;100226;557.25;100;9950024142;B
20240327;100226;557.25;300;9950024143;B
20240327;100226;557.3;157;9950024149;B
20240327;100226;557.3;74;9950024150;B
20240327;100226;557.3;300;9950024151;B
20240327;100226;557.35;269;9950024152;B
20240327;100227;557.3;1;9950024271;B
20240327;100227;557.25;178;9950024332;S
20240327;100228;557.3;3;9950024517;B
20240327;100230;557.3;6;9950024776;B
20240327;100230;557.3;7;9950024777;B
20240327;100230;557.3;1;9950024819;B
20240327;100230;557.35;2;9950024911;B
20240327;100231;557.3;1;9950024934;S
20240327;100231;557.2;100;9950024935;S
20240327;100231;557.2;40;9950024936;S
20240327;100231;557.2;2;9950024937;S
20240327;100231;557.2;73;9950024938;S
20240327;100232;557.2;1;9950025160;B
20240327;100232;557.2;2;9950025239;B
20240327;100233;557.2;1;9950025312;B
20240327;100233;557.2;2;9950025413;B
20240327;100234;557.2;100;9950025522;B
20240327;100234;557.2;1;9950025593;B
20240327;100236;557.15;1;9950025853;S
20240327;100236;557.1;69;9950025854;S
20240327;100236;557.1;10;9950025855;S
20240327;100236;557.1;59;9950025866;S
20240327;100237;557.1;1;9950026003;S
20240327;100237;557.1;10;9950026042;S
20240327;100237;557.15;1;9950026069;B
20240327;100237;557.15;1;9950026073;B
20240327;100238;557.15;3;9950026311;B
20240327;100238;557.2;77;9950026312;B
20240327;100238;557.2;1;9950026313;B
20240327;100238;557.25;72;9950026314;B
20240327;100238;557.25;100;9950026315;B
20240327;100238;557.25;97;9950026316;B
20240327;100238;557.1;86;9950026411;S
20240327;100238;557.1;50;9950026412;S
20240327;100238;557.1;1;9950026413;S
20240327;100238;557.1;100;9950026414;S
20240327;100238;557.05;1;9950026415;S
20240327;100238;557;10;9950026416;S
20240327;100238;557;1;9950026417;S
20240327;100238;557;42;9950026418;S
20240327;100238;557;3;9950026419;S
20240327;100238;557;100;9950026420;S
20240327;100238;557;1;9950026421;S
20240327;100238;557;72;9950026422;S
20240327;100238;556.95;35;9950026423;S
20240327;100238;556.9;481;9950026424;S
20240327;100238;556.9;2;9950026425;S
20240327;100238;556.9;20;9950026426;S
20240327;100238;556.9;143;9950026427;S
20240327;100238;556.85;100;9950026428;S
20240327;100238;556.85;143;9950026429;S
20240327;100238;556.85;100;9950026430;S
20240327;100238;556.8;1;9950026431;S
20240327;100238;556.8;261;9950026432;S
20240327;100238;556.95;1;9950026446;B
20240327;100238;556.95;34;9950026464;B
20240327;100238;557;2;9950026465;B
20240327;100240;556.9;1;9950026750;B
20240327;100241;556.9;2;9950026874;B
20240327;100241;556.75;2;9950026971;S
20240327;100242;556.9;1;9950027133;B
20240327;100244;556.9;2;9950027313;B
20240327;100244;556.9;29;9950027348;B
20240327;100244;556.9;53;9950027349;B
20240327;100244;556.95;274;9950027350;B
20240327;100245;557;13;9950027533;B
20240327;100246;556.9;1;9950027598;B
20240327;100246;556.75;4;9950027660;S
20240327;100247;556.9;1;9950027746;B
20240327;100247;556.9;1;9950027813;B
20240327;100248;556.9;2;9950028135;B
20240327;100249;556.9;3;9950028269;B
20240327;100250;556.95;2;9950028574;B
20240327;100251;556.95;1;9950028764;B
20240327;100252;556.9;3;9950029111;B
20240327;100253;556.75;1;9950029166;S
20240327;100254;556.75;136;9950029385;S
20240327;100254;556.75;1;9950029386;S
20240327;100254;556.75;35;9950029387;S
20240327;100254;556.75;100;9950029388;S
20240327;100254;556.75;5;9950029389;S
20240327;100254;556.7;628;9950029390;S
20240327;100254;556.85;1;9950029493;B
20240327;100255;556.85;10;9950029497;B
20240327;100255;556.85;89;9950029624;B
20240327;100255;556.9;35;9950029625;B
20240327;100255;556.9;263;9950029626;B
20240327;100255;556.9;68;9950029627;B
20240327;100255;556.95;192;9950029628;B
20240327;100255;556.9;100;9950029701;B
20240327;100256;556.9;30;9950029722;B
20240327;100257;556.9;1;9950029969;B
20240327;100257;556.95;99;9950029970;B
20240327;100258;556.95;1;9950030128;B
20240327;100259;556.95;4;9950030440;B
20240327;100259;556.95;21;9950030441;B
20240327;100259;556.95;2;9950030474;B
20240327;100300;556.85;3;9950030609;S
20240327;100301;556.9;67;9950030867;B
20240327;100301;556.9;66;9950030868;B
20240327;100301;556.95;1;9950030950;B
20240327;100302;556.95;1;9950031111;B
20240327;100303;556.95;1;9950031227;B
20240327;100304;556.95;10;9950031340;B
20240327;100305;556.95;384;9950031488;B
20240327;100305;556.95;1;9950031651;B
20240327;100306;556.9;3;9950031838;S
20240327;100307;556.9;10;9950032045;S
20240327;100309;556.9;1;9950032318;S
20240327;100309;556.9;45;9950032334;S
20240327;100310;556.9;8;9950032533;S
20240327;100310;556.9;6;9950032534;S
20240327;100311;556.9;1;9950032824;S
20240327;100311;556.9;1;9950032825;S
20240327;100312;556.9;25;9950033047;B
20240327;100317;556.9;10;9950033668;B
20240327;100318;556.9;20;9950034062;B
20240327;100319;556.9;30;9950034170;B
20240327;100319;556.9;13;9950034248;B
20240327;100319;556.9;69;9950034249;B
20240327;100319;556.9;274;9950034250;B
20240327;100320;556.85;50;9950034459;S
20240327;100320;556.9;1;9950034511;B
20240327;100321;556.9;10;9950034648;B
20240327;100322;556.9;22;9950034705;B
20240327;100322;556.9;1;9950034706;B
20240327;100322;556.9;27;9950034707;B
20240327;100323;556.85;47;9950034915;S
20240327;100323;556.85;100;9950034916;S
20240327;100323;556.8;1;9950034917;S
20240327;100324;556.75;1;9950035276;S
20240327;100324;556.75;1;9950035277;S
20240327;100324;556.75;3;9950035278;S
20240327;100325;556.75;2;9950035303;S
20240327;100326;556.85;1;9950035570;B
20240327;100327;556.85;9;9950035960;B
20240327;100327;556.75;1;9950035999;S
20240327;100328;556.85;6;9950036072;B
20240327;100328;556.85;4;9950036073;B
20240327;100328;556.85;4;9950036170;B
20240327;100328;556.85;1;9950036192;B
20240327;100329;556.85;2;9950036222;B
20240327;100329;556.85;1;9950036233;B
20240327;100329;556.85;7;9950036234;B
20240327;100329;556.75;1;9950036339;S
20240327;100329;556.85;1;9950036352;B
20240327;100329;556.85;3;9950036353;B
20240327;100330;556.85;5;9950036395;B
20240327;100330;556.85;1;9950036396;B
20240327;100330;556.85;1;9950036555;B
20240327;100330;556.75;3;9950036606;S
20240327;100330;556.75;1;9950036607;S
20240327;100330;556.7;122;9950036608;S
20240327;100330;556.7;50;9950036609;S
20240327;100330;556.7;300;9950036610;S
20240327;100330;556.7;35;9950036611;S
20240327;100330;556.7;100;9950036612;S
20240327;100330;556.7;67;9950036613;S
20240327;100330;556.65;1;9950036614;S
20240327;100330;556.65;20;9950036615;S
20240327;100330;556.6;1;9950036616;S
20240327;100330;556.6;48;9950036617;S
20240327;100330;556.6;143;9950036618;S
20240327;100330;556.55;143;9950036619;S
20240327;100330;556.5;143;9950036620;S
20240327;100330;556.5;100;9950036621;S
20240327;100330;556.45;927;9950036622;S
20240327;100330;556.45;404;9950036623;S
20240327;100330;556.4;914;9950036624;S
20240327;100330;556.4;2;9950036625;S
20240327;100330;556.35;1000;9950036626;S
20240327;100330;556.25;50;9950036627;S
20240327;100330;556.25;4;9950036628;S
20240327;100330;556.25;300;9950036629;S
20240327;100330;556.25;1000;9950036630;S
20240327;100330;556.25;10;9950036631;S
20240327;100330;556.2;3;9950036632;S
20240327;100330;556.2;1000;9950036633;S
20240327;100330;556.1;1;9950036634;S
20240327;100330;556.1;300;9950036635;S
20240327;100330;556.1;10;9950036636;S
20240327;100330;556.05;10;9950036637;S
20240327;100330;556.05;1;9950036638;S
20240327;100330;556.05;10;9950036639;S
20240327;100330;556.05;130;9950036640;S
20240327;100330;556;1;9950036641;S
20240327;100330;556;3;9950036642;S
20240327;100330;556;4;9950036643;S
20240327;100330;556;30;9950036644;S
20240327;100330;556;1;9950036645;S
20240327;100330;556;65;9950036646;S
20240327;100330;556;15;9950036647;S
20240327;100330;556;3;9950036648;S
20240327;100330;556;1;9950036649;S
20240327;100330;556;2;9950036650;S
20240327;100330;556;3;9950036651;S
20240327;100330;556;1;9950036652;S
20240327;100330;556;1;9950036653;S
20240327;100330;556;1;9950036654;S
20240327;100330;556;6;9950036655;S
20240327;100330;556;1;9950036656;S
20240327;100330;556;3;9950036657;S
20240327;100330;556;10;9950036658;S
20240327;100330;556;10;9950036659;S
20240327;100330;556;31;9950036660;S
20240327;100330;556;500;9950036661;S
20240327;100330;556;3;9950036662;S
20240327;100330;556;1;9950036663;S
20240327;100330;556;1;9950036664;S
20240327;100330;556;5;9950036665;S
20240327;100330;556;5;9950036666;S
20240327;100330;556;1;9950036667;S
20240327;100330;556;1;9950036668;S
20240327;100330;556;168;9950036669;S
20240327;100330;556;1;9950036670;S
20240327;100330;556;1;9950036671;S
20240327;100330;556;2;9950036672;B
20240327;100330;556;367;9950036673;B
20240327;100330;556;300;9950036674;B
20240327;100330;556;100;9950036675;B
20240327;100330;556;100;9950036676;B
20240327;100330;555.95;165;9950036744;S
20240327;100331;556;100;9950036745;B
20240327;100331;555.95;100;9950036792;S
20240327;100331;556;37000;9950036842;B
20240327;100331;556;10;9950036890;B
20240327;100331;556;63;9950036930;B
20240327;100331;555.95;2;9950036978;S
20240327;100331;556;10;9950037012;B
20240327;100331;556;5;9950037056;B
20240327;100332;556;100;9950037070;B
20240327;100332;556;6;9950037120;B
20240327;100332;555.95;2;9950037121;S
20240327;100333;555.95;100;9950037238;S
20240327;100333;556;2;9950037291;B
20240327;100335;556;10;9950037604;B
20240327;100335;556;5;9950037656;B
20240327;100336;555.95;10;9950037805;S
20240327;100337;556;97;9950037986;B
20240327;100337;556;68;9950037987;B
20240327;100337;556;1;9950037988;B
20240327;100337;556;334;9950037989;B
20240327;100337;556;1;9950038047;B
20240327;100337;555.95;65;9950038050;S
20240327;100337;555.95;2;9950038051;S
20240327;100337;555.95;100;9950038052;S
20240327;100337;555.95;133;9950038053;S
20240327;100339;556;9;9950038356;B
20240327;100341;555.95;3;9950038744;S
20240327;100341;556;90;9950038765;B
20240327;100341;555.95;7;9950038786;S
20240327;100341;555.95;404;9950038787;S
20240327;100341;555.95;100;9950038788;S
20240327;100341;555.95;1;9950038789;S
20240327;100342;555.95;573;9950038922;B
20240327;100342;555.95;50;9950038944;B
20240327;100342;555.95;50;9950038957;B
20240327;100343;555.95;3;9950039106;B
20240327;100343;555.9;14;9950039107;S
20240327;100343;555.9;4;9950039108;S
20240327;100344;555.85;143;9950039294;S
20240327;100344;555.85;78;9950039295;B
20240327;100344;555.85;65;9950039296;S
20240327;100344;555.85;143;9950039297;S
20240327;100344;555.9;2;9950039416;B
20240327;100345;555.9;1;9950039469;B
20240327;100346;555.9;2;9950039800;B
20240327;100348;555.8;1;9950040180;S
20240327;100348;555.8;4;9950040181;S
20240327;100348;555.75;3;9950040182;S
20240327;100348;555.75;51;9950040183;S
20240327;100349;555.85;1;9950040314;B
20240327;100349;555.85;25;9950040336;B
20240327;100349;555.75;92;9950040418;S
20240327;100349;555.75;8;9950040419;S
20240327;100349;555.85;1;9950040484;B
20240327;100350;555.85;3;9950040585;B
20240327;100350;555.85;3;9950040657;B
20240327;100350;555.85;1;9950040658;B
20240327;100351;555.85;10;9950040744;B
20240327;100352;555.85;5;9950040836;B
20240327;100352;555.7;6;9950040845;S
20240327;100352;555.85;1;9950040846;B
20240327;100352;555.85;1;9950040857;B
20240327;100352;555.85;75;9950040879;B
20240327;100353;555.85;50;9950041040;S
20240327;100353;555.9;1;9950041100;B
20240327;100355;555.85;2;9950041299;S
20240327;100356;555.9;5;9950041575;B
20240327;100356;555.9;2;9950041586;B
20240327;100356;555.9;1;9950041673;B
20240327;100357;555.9;25;9950041695;B
20240327;100357;555.85;3;9950041717;S
20240327;100357;555.9;5;9950041748;B
20240327;100358;555.9;2;9950041892;B
20240327;100358;555.9;3;9950041971;B
20240327;100358;555.85;80;9950041980;S
20240327;100359;555.9;1;9950042148;B
20240327;100400;555.9;1;9950042188;B
20240327;100400;555.9;4;9950042262;B
20240327;100400;555.9;6;9950042263;B
20240327;100401;555.9;19;9950042426;B
20240327;100401;555.9;100;9950042427;B
20240327;100401;555.9;355;9950042428;B
20240327;100401;555.95;726;9950042429;B
20240327;100401;555.95;1;9950042475;B
20240327;100401;555.95;20;9950042499;B
20240327;100402;555.95;3;9950042528;B
20240327;100403;555.85;615;9950043141;S
20240327;100403;555.85;5;9950043142;S
20240327;100403;555.85;100;9950043143;S
20240327;100403;555.85;78;9950043144;S
20240327;100404;555.85;1;9950043220;B
20240327;100405;555.8;6;9950043463;B
20240327;100405;555.85;23;9950043464;B
20240327;100406;555.85;2;9950043599;B
20240327;100406;555.85;5;9950043630;B
20240327;100406;555.75;18;9950043651;S
20240327;100407;555.8;1;9950043789;B
20240327;100407;555.8;69;9950043790;B
20240327;100407;555.85;2;9950043798;B
20240327;100408;555.85;2;9950043995;B
20240327;100408;555.85;2;9950044083;B
20240327;100409;555.85;2;9950044267;B
20240327;100410;555.85;5;9950044445;B
20240327;100411;555.85;10;9950044750;B
20240327;100412;555.85;1;9950044883;B
20240327;100415;555.85;5;9950045389;B
20240327;100416;555.85;1;9950045542;B
20240327;100417;555.85;2;9950046001;B
20240327;100418;555.85;60;9950046008;B
20240327;100418;555.75;1;9950046046;S
20240327;100418;555.85;15;9950046063;B
20240327;100418;555.75;2;9950046078;S
20240327;100418;555.85;10;9950046150;B
20240327;100418;555.75;1;9950046162;S
20240327;100418;555.7;137;9950046163;S
20240327;100418;555.7;1;9950046164;S
20240327;100418;555.7;55;9950046165;S
20240327;100418;555.7;41;9950046166;S
20240327;100418;555.65;3;9950046167;S
20240327;100418;555.65;1;9950046168;S
20240327;100418;555.65;143;9950046169;S
20240327;100418;555.65;18;9950046170;S
20240327;100419;555.7;100;9950046256;S
20240327;100419;555.8;1;9950046269;B
20240327;100419;555.65;71;9950046393;S
20240327;100419;555.65;143;9950046394;S
20240327;100419;555.65;79;9950046395;S
20240327;100419;555.6;5;9950046396;S
20240327;100419;555.6;5;9950046397;S
20240327;100419;555.6;15;9950046398;S
20240327;100419;555.6;143;9950046399;S
20240327;100419;555.6;404;9950046400;S
20240327;100419;555.6;100;9950046401;S
20240327;100419;555.55;100;9950046402;S
20240327;100419;555.55;50;9950046403;S
20240327;100419;555.55;1;9950046404;S
20240327;100419;555.55;25;9950046405;S
20240327;100419;555.55;159;9950046406;S
20240327;100419;555.7;10;9950046420;B
20240327;100420;555.7;11;9950046454;B
20240327;100420;555.6;1;9950046526;S
20240327;100420;555.6;6;9950046537;S
20240327;100420;555.6;5;9950046552;S
20240327;100421;555.7;2;9950046744;B
20240327;100423;555.7;4;9950047016;B
20240327;100423;555.65;13;9950047135;S
20240327;100425;555.65;10;9950047544;S
20240327;100426;555.65;4;9950047573;S
20240327;100426;555.65;8;9950047619;S
20240327;100426;555.7;35;9950047630;B
20240327;100426;555.65;5;9950047737;S
20240327;100427;555.7;1;9950047901;B
20240327;100430;555.7;41;9950048360;S
20240327;100430;555.65;143;9950048361;S
20240327;100430;555.65;31;9950048362;S
20240327;100430;555.65;285;9950048369;B
20240327;100430;555.7;78;9950048370;B
20240327;100430;555.7;336;9950048371;B
20240327;100430;555.75;51;9950048372;B
20240327;100430;555.6;6;9950048373;S
20240327;100430;555.75;10;9950048399;B
20240327;100431;555.65;15;9950048502;S
20240327;100432;555.7;100;9950048792;S
20240327;100433;555.8;2;9950048803;B
20240327;100433;555.7;20;9950048847;S
20240327;100433;555.7;14;9950048848;S
20240327;100433;555.8;1;9950048855;B
20240327;100434;555.75;5;9950049035;S
20240327;100434;555.75;2;9950049068;S
20240327;100435;555.7;3;9950049179;S
20240327;100436;555.85;7;9950049299;B
20240327;100436;555.7;200;9950049336;S
20240327;100436;555.85;150;9950049370;B
20240327;100438;555.75;1;9950049756;S
20240327;100440;555.85;46;9950050450;B
20240327;100440;555.75;14;9950050537;S
20240327;100441;555.85;2;9950050760;B
20240327;100441;555.85;2;9950050835;B
20240327;100441;555.75;2;9950050845;S
20240327;100442;555.85;1;9950050935;B
20240327;100442;555.85;16;9950051088;B
20240327;100442;555.85;242;9950051089;B
20240327;100442;555.85;78;9950051090;B
20240327;100442;555.9;7;9950051091;B
20240327;100442;555.95;100;9950051092;B
20240327;100442;556;57;9950051093;B
20240327;100443;556;2;9950051138;B
20240327;100443;555.8;89;9950051156;S
20240327;100443;555.8;79;9950051157;S
20240327;100443;555.8;19;9950051158;S
20240327;100443;555.75;100;9950051159;S
20240327;100443;555.7;2;9950051160;S
20240327;100443;555.7;540;9950051161;S
20240327;100443;555.65;143;9950051162;S
20240327;100443;555.65;2;9950051163;S
20240327;100443;555.65;2;9950051164;S
20240327;100443;555.65;24;9950051165;S
20240327;100444;555.95;50;9950051387;B
20240327;100445;555.75;1;9950051440;S
20240327;100448;555.75;100;9950052117;S
20240327;100448;555.75;540;9950052118;S
20240327;100448;555.7;89;9950052119;S
20240327;100448;555.7;100;9950052120;S
20240327;100448;555.7;78;9950052121;S
20240327;100448;555.65;26;9950052122;S
20240327;100448;555.65;67;9950052123;S
20240327;100449;555.85;50;9950052182;B
20240327;100449;555.85;1;9950052222;B
20240327;100449;555.75;11;9950052239;S
20240327;100449;555.85;2;9950052299;B
20240327;100450;555.85;2;9950052546;B
20240327;100451;555.8;1;9950052562;S
20240327;100452;555.85;1;9950052801;B
20240327;100452;555.85;5;9950052802;B
20240327;100452;555.8;30;9950052860;S
20240327;100454;555.85;10;9950053152;B
20240327;100455;555.85;19;9950053333;B
20240327;100456;555.95;1;9950053440;B
20240327;100456;555.95;1;9950053442;B
20240327;100456;555.95;86;9950053613;B
20240327;100456;555.95;14;9950053614;B
20240327;100456;556;3;9950053629;B
20240327;100457;556;20;9950053731;B
20240327;100457;555.9;2;9950053766;S
20240327;100458;556;100;9950053944;B
20240327;100458;555.85;100;9950053998;S
20240327;100458;555.85;540;9950053999;S
20240327;100459;555.85;1;9950054001;B
20240327;100459;555.8;9;9950054002;S
20240327;100459;555.85;100;9950054034;B
20240327;100459;555.85;4;9950054179;B
20240327;100500;555.8;68;9950054270;S
20240327;100500;555.8;513;9950054271;S
20240327;100500;555.8;2;9950054272;S
20240327;100500;555.75;50;9950054273;S
20240327;100500;555.75;1;9950054274;S
20240327;100500;555.75;143;9950054275;S
20240327;100500;555.75;100;9950054276;S
20240327;100500;555.75;123;9950054277;S
20240327;100501;555.85;1;9950054545;B
20240327;100501;555.85;2;9950054602;B
20240327;100502;555.85;252;9950054839;B
20240327;100502;555.85;100;9950054840;B
20240327;100502;555.85;310;9950054841;B
20240327;100503;555.75;9;9950054926;S
20240327;100503;555.85;1;9950054997;B
20240327;100504;555.85;40;9950055309;B
20240327;100505;555.8;8;9950055332;S
20240327;100506;555.85;2;9950055472;B
20240327;100506;555.8;12;9950055588;S
20240327;100506;555.7;25;9950055589;S
20240327;100506;555.7;963;9950055590;S
20240327;100507;555.75;100;9950055609;B
20240327;100509;555.7;100;9950056173;S
20240327;100512;555.75;10;9950056501;B
20240327;100512;555.75;3;9950056565;B
20240327;100512;555.75;37;9950056574;B
20240327;100512;555.75;4;9950056575;B
20240327;100512;555.75;132;9950056576;B
20240327;100512;555.8;4;9950056619;B
20240327;100513;555.75;25;9950056752;S
20240327;100513;555.7;671;9950056753;S
20240327;100513;555.7;80;9950056754;S
20240327;100513;555.7;1;9950056755;S
20240327;100513;555.7;100;9950056756;S
20240327;100513;555.65;123;9950056757;S
20240327;100514;555.8;3;9950056879;B
20240327;100514;555.8;3;9950056894;B
20240327;100514;555.8;1;9950056997;B
20240327;100517;555.85;30;9950057474;B
20240327;100517;555.85;100;9950057475;B
20240327;100517;555.85;620;9950057476;B
20240327;100520;555.9;10;9950057815;B
20240327;100520;555.7;1;9950057818;S
20240327;100520;555.95;20;9950057821;B
20240327;100521;555.95;3;9950057942;B
20240327;100521;555.95;77;9950058091;B
20240327;100521;555.95;1;9950058092;B
20240327;100521;555.95;137;9950058093;B
20240327;100522;555.8;3;9950058232;S
20240327;100522;555.95;3;9950058259;B
20240327;100522;556;1997;9950058260;B
20240327;100523;555.9;100;9950058306;S
20240327;100524;555.9;3;9950058545;S
20240327;100525;556;50;9950058776;B
20240327;100526;556;7;9950058874;B
20240327;100526;556;50;9950058922;B
20240327;100526;555.95;1;9950058993;S
20240327;100526;556;3;9950059010;B
20240327;100527;556;8;9950059082;B
20240327;100528;556;1;9950059213;B
20240327;100528;555.95;18;9950059222;S
20240327;100528;555.95;2;9950059376;S
20240327;100528;555.9;62;9950059377;S
20240327;100528;556;1;9950059416;B
20240327;100528;556;50;9950059418;B
20240327;100529;556;50;9950059586;B
20240327;100536;555.95;1;9950060756;S
20240327;100537;556;15;9950060979;B
20240327;100537;555.95;539;9950060983;S
20240327;100537;555.95;82;9950060984;S
20240327;100537;555.9;38;9950060985;S
20240327;100537;555.9;238;9950060986;S
20240327;100539;556;15;9950061413;B
20240327;100539;556;10;9950061420;B
20240327;100539;556;1;9950061545;B
20240327;100540;556;1;9950061703;B
20240327;100541;555.95;70;9950062124;S
20240327;100542;556;1;9950062274;B
20240327;100543;556;9;9950062430;B
20240327;100543;556;1;9950062588;B
20240327;100544;556;18;9950062678;B
20240327;100544;556;1;9950062725;B
20240327;100545;555.95;1;9950062851;S
20240327;100545;556;1;9950062906;B
20240327;100545;556;16;9950062940;B
20240327;100547;556;1;9950063277;B
20240327;100547;555.95;284;9950063367;S
20240327;100547;555.95;239;9950063368;S
20240327;100547;555.95;84;9950063369;S
20240327;100547;555.95;2;9950063370;S
20240327;100547;555.95;391;9950063371;S
20240327;100547;556;10;9950063471;B
20240327;100549;556;5;9950063798;B
20240327;100550;556;487;9950063860;B
20240327;100550;556;278;9950063861;B
20240327;100550;555.95;20;9950063934;S
20240327;100551;555.95;76;9950064135;S
20240327;100554;556;1;9950064642;B
20240327;100556;555.95;2;9950065056;S
20240327;100556;555.95;1;9950065058;S
20240327;100557;556;1;9950065172;B
20240327;100557;556;20;9950065281;B
20240327;100558;556;2;9950065342;B
20240327;100600;556;1;9950065613;B
20240327;100600;555.95;5;9950065627;S
20240327;100601;556;2;9950065911;B
20240327;100601;556;1;9950065952;B
20240327;100601;555.95;1;9950066002;S
20240327;100602;556;191;9950066281;B
20240327;100602;556;9;9950066282;B
20240327;100603;556;438;9950066362;B
20240327;100603;556;62;9950066363;B
20240327;100607;555.95;4;9950067178;S
20240327;100607;555.95;540;9950067179;S
20240327;100607;555.95;85;9950067180;S
20240327;100607;555.95;671;9950067181;S
20240327;100607;555.95;1;9950067241;S
20240327;100608;556;20;9950067284;B
20240327;100608;555.95;4;9950067375;S
20240327;100610;556;12;9950067789;B
20240327;100611;555.95;8;9950067985;S
20240327;100611;556;2;9950068067;B
20240327;100611;556;1;9950068070;B
20240327;100612;556;172;9950068085;B
20240327;100614;556;2;9950068765;B
20240327;100615;556;1;9950068973;B
20240327;100616;556;5;9950069173;B
20240327;100617;556;2;9950069357;B
20240327;100617;556;1;9950069430;B
20240327;100618;555.95;1;9950069546;S
20240327;100618;555.95;1;9950069597;S
20240327;100619;556;65;9950069647;B
20240327;100619;556;135;9950069648;B
20240327;100619;555.95;314;9950069767;S
20240327;100619;555.95;5;9950069768;S
20240327;100619;555.95;540;9950069769;S
20240327;100619;555.95;92;9950069770;S
20240327;100619;555.95;5;9950069771;S
20240327;100620;555.95;179;9950069941;B
20240327;100621;555.95;1;9950070059;B
20240327;100622;555.95;5;9950070230;B
20240327;100623;555.95;95;9950070310;B
20240327;100623;555.95;405;9950070311;B
20240327;100623;555.95;5;9950070314;B
20240327;100623;555.95;2;9950070520;B
20240327;100624;555.9;2;9950070602;S
20240327;100624;555.9;260;9950070732;S
20240327;100624;555.9;500;9950070733;S
20240327;100624;555.9;40;9950070734;S
20240327;100625;555.95;1;9950070858;B
20240327;100626;555.95;1;9950070983;B
20240327;100627;555.95;1;9950071014;B
20240327;100628;555.95;10;9950071221;B
20240327;100628;555.95;2;9950071222;B
20240327;100628;555.9;1;9950071226;S
20240327;100628;555.9;2;9950071251;S
20240327;100629;555.95;5;9950071482;B
20240327;100629;555.95;5;9950071483;B
20240327;100629;555.95;16;9950071610;B
20240327;100632;555.95;2;9950071986;B
20240327;100633;555.95;1;9950072164;B
20240327;100633;555.95;1;9950072173;B
20240327;100633;555.95;2;9950072206;B
20240327;100634;555.95;1;9950072441;B
20240327;100636;555.95;30;9950072709;B
20240327;100637;555.95;100;9950072833;B
20240327;100638;555.9;36;9950073034;S
20240327;100638;555.95;1240;9950073093;B
20240327;100638;555.95;100;9950073094;B
20240327;100639;555.95;1;9950073220;B
20240327;100639;555.9;2;9950073239;S
20240327;100642;555.9;100;9950073662;S
20240327;100642;555.95;10;9950073822;B
20240327;100643;555.9;12;9950073873;S
20240327;100643;555.9;14;9950073909;S
20240327;100643;555.95;5;9950073963;B
20240327;100644;555.95;1;9950073995;B
20240327;100644;555.95;2;9950074017;B
20240327;100644;555.95;3;9950074027;B
20240327;100644;555.95;50;9950074078;B
20240327;100644;555.95;5;9950074114;B
20240327;100644;555.9;1;9950074118;S
20240327;100645;555.95;6;9950074138;B
20240327;100645;555.95;17;9950074238;B
20240327;100645;555.95;30;9950074239;B
20240327;100646;555.95;540;9950074284;B
20240327;100646;556;2;9950074341;B
20240327;100647;556;269;9950074432;B
20240327;100647;556;1;9950074436;B
20240327;100647;556;466;9950074511;B
20240327;100649;556;4;9950074806;B
20240327;100649;556;1;9950074888;B
20240327;100650;555.95;1;9950074923;S
20240327;100650;556;300;9950074945;B
20240327;100650;556;1;9950074948;B
20240327;100652;556;1;9950075272;B
20240327;100653;556;10;9950075402;B
20240327;100653;556;2;9950075540;B
20240327;100653;555.95;1;9950075565;S
20240327;100655;556;1;9950075783;B
20240327;100657;556;1;9950076055;B
20240327;100658;555.95;3;9950076295;S
20240327;100701;555.95;20;9950076581;S
20240327;100701;555.95;97;9950076582;S
20240327;100701;555.95;100;9950076583;S
20240327;100701;555.95;1;9950076584;S
20240327;100701;555.95;129;9950076585;S
20240327;100701;555.95;63;9950076642;S
20240327;100706;556;60;9950077702;B
20240327;100706;556;4;9950077778;B
20240327;100706;555.95;1;9950077827;S
20240327;100707;556;2;9950077844;B
20240327;100707;555.95;100;9950077994;S
20240327;100709;556;4;9950078480;B
20240327;100710;556;9;9950078641;B
20240327;100711;556;1827;9950078742;B
20240327;100711;556;2;9950078743;B
20240327;100711;556;2;9950078744;B
20240327;100711;556;1;9950078745;B
20240327;100711;556;268;9950078746;B
20240327;100711;555.95;1;9950078802;S
20240327;100711;555.95;6;9950078803;S
20240327;100711;555.95;3;9950078892;S
20240327;100712;556;532;9950078990;B
20240327;100712;556;5;9950078991;B
20240327;100712;556;345;9950078992;B
20240327;100712;556;2;9950078993;B
20240327;100712;556;40;9950078994;B
20240327;100712;556;2076;9950078995;B
20240327;100712;556;38;9950079053;B
20240327;100714;555.95;71;9950079300;S
20240327;100714;555.95;100;9950079301;S
20240327;100714;555.95;100;9950079302;S
20240327;100714;555.9;42;9950079303;S
20240327;100714;555.9;1;9950079304;S
20240327;100714;555.9;6;9950079305;S
20240327;100714;555.9;1;9950079306;S
20240327;100714;555.9;6;9950079307;S
20240327;100714;555.9;2;9950079308;S
20240327;100714;555.9;1;9950079309;S
20240327;100714;555.9;11;9950079310;S
20240327;100714;555.9;202;9950079311;S
20240327;100714;555.85;540;9950079312;S
20240327;100714;555.85;143;9950079313;S
20240327;100714;555.85;404;9950079314;S
20240327;100714;555.8;86;9950079315;S
20240327;100714;555.8;2;9950079316;S
20240327;100714;555.8;2;9950079317;S
20240327;100714;555.8;1;9950079318;S
20240327;100714;555.8;20;9950079319;S
20240327;100714;555.8;1000;9950079320;S
20240327;100714;555.8;2;9950079321;S
20240327;100714;555.8;757;9950079322;S
20240327;100714;555.95;100;9950079397;S
20240327;100715;556;2;9950079601;B
20240327;100715;556;1;9950079742;B
20240327;100716;555.95;10;9950080060;S
20240327;100718;556;1;9950080373;B
20240327;100719;556;1;9950080622;B
20240327;100719;555.95;4890;9950080649;S
20240327;100719;555.95;540;9950080650;S
20240327;100719;555.95;102;9950080651;S
20240327;100721;555.95;1;9950080849;B
20240327;100721;555.95;22;9950080915;B
20240327;100721;555.95;100;9950080916;B
20240327;100721;555.95;345;9950080917;B
20240327;100721;555.95;33;9950080918;B
20240327;100722;555.95;1;9950081008;B
20240327;100725;555.95;1;9950081579;B
20240327;100725;555.95;12;9950081720;B
20240327;100725;555.95;2;9950081815;B
20240327;100726;555.95;4;9950081819;B
20240327;100726;555.85;3;9950081956;S
20240327;100727;555.95;3;9950081985;B
20240327;100727;555.95;2;9950081987;B
20240327;100727;555.95;1;9950081988;B
20240327;100727;555.95;10;9950082046;B
20240327;100727;555.95;2000;9950082147;B
20240327;100727;555.95;63;9950082176;B
20240327;100728;555.95;3;9950082197;B
20240327;100731;555.95;1;9950082664;B
20240327;100734;555.95;8;9950083133;B
20240327;100734;555.85;140;9950083135;S
20240327;100734;555.85;2;9950083136;S
20240327;100734;555.85;540;9950083137;S
20240327;100734;555.85;100;9950083138;S
20240327;100734;555.8;485;9950083139;S
20240327;100734;555.8;143;9950083140;S
20240327;100734;555.8;20;9950083141;S
20240327;100734;555.8;2;9950083142;S
20240327;100734;555.8;103;9950083143;S
20240327;100734;555.75;143;9950083144;S
20240327;100734;555.75;101;9950083145;S
20240327;100734;555.7;11;9950083146;S
20240327;100734;555.7;100;9950083147;S
20240327;100734;555.7;360;9950083148;S
20240327;100734;555.9;5;9950083198;B
20240327;100734;555.9;1;9950083227;B
20240327;100734;555.75;143;9950083284;S
20240327;100734;555.75;50;9950083285;S
20240327;100734;555.7;107;9950083286;S
20240327;100735;555.85;12;9950083401;B
20240327;100736;555.85;5;9950083625;B
20240327;100739;555.85;1;9950084083;B
20240327;100740;555.85;10;9950084166;B
20240327;100741;555.85;2;9950084289;B
20240327;100741;555.85;6;9950084339;B
20240327;100742;555.85;76;9950084449;B
20240327;100742;555.75;143;9950084464;S
20240327;100742;555.75;157;9950084465;S
20240327;100744;555.85;1;9950084702;B
20240327;100744;555.85;158;9950084878;B
20240327;100745;555.85;2;9950085038;B
20240327;100746;555.85;1;9950085131;B
20240327;100749;555.8;5;9950085753;S
20240327;100749;555.85;2;9950085760;B
20240327;100750;555.8;30;9950085869;S
20240327;100750;555.85;21;9950085936;B
20240327;100752;555.85;90;9950086123;B
20240327;100752;555.85;10;9950086124;B
20240327;100752;555.85;14;9950086136;B
20240327;100753;555.85;1;9950086214;B
20240327;100753;555.8;2;9950086265;S
20240327;100755;555.85;5000;9950086490;B
20240327;100756;555.95;1;9950086623;B
20240327;100756;555.95;4;9950086624;B
20240327;100757;555.85;1;9950086733;S
20240327;100758;556;2;9950086876;B
20240327;100758;556;1;9950086992;B
20240327;100759;556;2;9950087021;B
20240327;100759;556;2;9950087022;B
20240327;100759;555.85;5;9950087044;S
20240327;100759;555.85;1;9950087045;S
20240327;100759;555.85;7;9950087046;S
20240327;100759;556;2;9950087070;B
20240327;100800;555.85;55;9950087256;S
20240327;100802;555.85;1;9950087500;S
20240327;100802;555.85;3;9950087501;S
20240327;100803;556;1;9950087763;B
20240327;100805;555.85;3;9950087998;S
20240327;100805;555.85;12;9950087999;S
20240327;100806;555.85;103;9950088109;S
20240327;100806;556;2;9950088227;B
20240327;100807;556;50;9950088435;B
20240327;100811;556;200;9950088860;B
20240327;100812;555.9;3;9950089154;S
20240327;100813;556;40;9950089227;B
20240327;100813;556;7;9950089299;B
20240327;100814;555.9;1;9950089348;S
20240327;100814;556;6;9950089434;B
20240327;100815;556;1;9950089542;B
20240327;100816;555.9;50;9950089559;S
20240327;100816;556;2;9950089583;B
20240327;100816;556;1;9950089649;B
20240327;100817;555.9;2;9950089778;S
20240327;100819;555.9;9;9950090033;S
20240327;100820;555.9;5;9950090221;S
20240327;100821;555.9;1;9950090343;S
20240327;100821;556;4;9950090458;B
20240327;100821;555.9;29;9950090473;S
20240327;100821;555.85;25;9950090474;S
20240327;100822;555.9;100;9950090582;S
20240327;100822;555.85;50;9950090583;S
20240327;100824;556;100;9950090933;B
20240327;100827;555.95;20;9950091280;B
20240327;100827;556;30;9950091281;B
20240327;100829;555.85;1;9950091575;S
20240327;100829;555.85;349;9950091582;S
20240327;100829;555.85;101;9950091583;S
20240327;100829;555.85;1350;9950091584;S
20240327;100831;556;6;9950091829;B
20240327;100831;556;2;9950091839;B
20240327;100832;556;2;9950091949;B
20240327;100832;556;1;9950092006;B
20240327;100833;555.9;10;9950092268;S
20240327;100833;556;1;9950092294;B
20240327;100833;556;2;9950092322;B
20240327;100834;555.9;10;9950092375;S
20240327;100834;556;23;9950092460;B
20240327;100834;556;3;9950092466;B
20240327;100836;556;3;9950092673;B
20240327;100836;555.9;1;9950092704;S
20240327;100836;556;485;9950092714;B
20240327;100836;556;27;9950092715;B
20240327;100836;556;50;9950092716;B
20240327;100836;556;66;9950092717;B
20240327;100836;556;1;9950092718;B
20240327;100836;556;1;9950092719;B
20240327;100836;556;1;9950092720;B
20240327;100836;556;1;9950092721;B
20240327;100836;556;1;9950092722;B
20240327;100836;556;1;9950092723;B
20240327;100836;556;1;9950092724;B
20240327;100836;556;103;9950092725;B
20240327;100836;556;100;9950092726;B
20240327;100836;556;162;9950092727;B
20240327;100836;556;2;9950092752;B
20240327;100837;556;2;9950092810;B
20240327;100837;556;200;9950092819;B
20240327;100837;556;1;9950092825;B
20240327;100837;556;1;9950092847;B
20240327;100837;555.85;30;9950092875;S
20240327;100837;556;10;9950092880;B
20240327;100839;556;4;9950093066;B
20240327;100839;555.85;2;9950093074;S
20240327;100839;556;1;9950093091;B
20240327;100840;556;2500;9950093211;B
20240327;100841;556;1;9950093321;B
20240327;100841;556;2;9950093324;B
20240327;100843;555.95;38;9950093653;S
20240327;100844;556;2;9950093742;B
20240327;100845;556;2;9950093908;B
20240327;100846;556;2;9950094006;B
20240327;100846;556;2;9950094098;B
20240327;100847;556;2;9950094197;B
20240327;100847;556;1;9950094261;B
20240327;100848;556;2;9950094303;B
20240327;100849;556;2;9950094400;B
20240327;100849;556;2;9950094409;B
20240327;100849;556;1;9950094468;B
20240327;100849;556;2;9950094507;B
20240327;100850;556;2;9950094627;B
20240327;100851;556;2;9950094705;B
20240327;100851;556;10;9950094738;B
20240327;100851;555.95;4;9950094800;S
20240327;100851;556;2;9950094815;B
20240327;100851;556;2;9950094817;B
20240327;100852;556;1;9950094895;B
20240327;100852;556;2;9950094897;B
20240327;100852;556;1;9950094898;B
20240327;100853;556;2;9950095017;B
20240327;100853;556;1;9950095085;B
20240327;100854;556;1;9950095093;B
20240327;100854;556;2;9950095117;B
20240327;100854;556;2;9950095239;B
20240327;100855;556;2;9950095390;B
20240327;100855;556;100;9950095404;B
20240327;100855;556;224;9950095407;B
20240327;100855;556;276;9950095408;B
20240327;100856;556;5;9950095422;B
20240327;100856;556;5;9950095454;B
20240327;100856;556;1;9950095472;B
20240327;100856;556;2;9950095474;B
20240327;100856;556;15;9950095519;B
20240327;100857;556;1;9950095586;B
20240327;100857;556;2;9950095600;B
20240327;100858;556;1;9950095783;B
20240327;100859;555.95;1;9950095920;S
20240327;100901;555.95;53;9950096286;S
20240327;100902;556;2;9950096291;B
20240327;100902;556;761;9950096392;B
20240327;100902;556;75;9950096407;B
20240327;100902;556;25;9950096408;B
20240327;100902;556;8;9950096409;B
20240327;100902;556;5;9950096436;B
20240327;100903;556;2;9950096455;B
20240327;100905;556;1;9950096823;B
20240327;100906;556;20;9950096973;B
20240327;100908;556;400;9950097227;B
20240327;100909;556;1;9950097323;B
20240327;100909;556;1;9950097403;B
20240327;100912;556;4;9950097672;B
20240327;100913;556;1;9950097820;B
20240327;100913;556;1;9950097862;B
20240327;100913;555.95;946;9950097924;S
20240327;100913;555.95;54;9950097925;S
20240327;100914;556;1;9950097971;B
20240327;100915;556;1;9950098066;B
20240327;100915;556;9;9950098092;B
20240327;100916;556;100;9950098267;B
20240327;100916;556;10;9950098270;B
20240327;100919;556;5;9950098664;B
20240327;100919;556;7;9950098696;B
20240327;100920;556;100;9950098748;B
20240327;100921;556;10;9950098794;B
20240327;100924;556;2;9950099143;B
20240327;100927;556;1;9950099618;B
20240327;100929;556;4;9950099883;B
20240327;100930;555.95;1;9950100024;S
20240327;100931;556;16;9950100060;B
20240327;100931;556;100;9950100093;B
20240327;100931;555.95;2;9950100133;S
20240327;100932;556;4;9950100278;B
20240327;100933;556;1;9950100412;B
20240327;100936;555.95;1;9950100765;S
20240327;100936;556;1;9950100815;B
20240327;100937;556;2;9950100845;B
20240327;100937;556;25;9950100964;B
20240327;100938;556;5;9950101069;B
20240327;100939;556;1;9950101085;B
20240327;100940;556;1;9950101323;B
20240327;100943;556;2;9950101677;B
20240327;100943;555.95;4;9950101802;S
20240327;100944;556;2;9950101837;B
20240327;100944;556;1;9950101919;B
20240327;100945;556;2;9950101966;B
20240327;100945;556;2;9950102078;B
20240327;100946;556;75;9950102104;B
20240327;100946;556;2;9950102161;B
20240327;100947;556;2;9950102299;B
20240327;100947;556;2;9950102349;B
20240327;100948;556;2;9950102446;B
20240327;100949;556;2;9950102520;B
20240327;100949;556;2;9950102620;B
20240327;100949;556;10;9950102621;B
20240327;100950;556;2;9950102677;B
20240327;100950;556;2;9950102750;B
20240327;100951;556;1000;9950102776;B
20240327;100951;556;2;9950102780;B
20240327;100951;556;1;9950102893;B
20240327;100951;556;1;9950102927;B
20240327;100951;556;2;9950102928;B
20240327;100951;556;2;9950102974;B
20240327;100952;556;12;9950103030;B
20240327;100952;556;15;9950103034;B
20240327;100952;556;2;9950103071;B
20240327;100954;556;10;9950103277;B
20240327;100954;556;4;9950103321;B
20240327;100955;556;100;9950103498;B
20240327;100955;556;100;9950103505;B
20240327;100956;555.95;1;9950103709;S
20240327;100959;556;1;9950104067;B
20240327;100959;556;50;9950104137;B
20240327;101000;556;1;9950104211;B
20240327;101000;556;1;9950104256;B
20240327;101000;556;1;9950104331;B
20240327;101001;556;3;9950104626;B
20240327;101002;556;100;9950104924;B
20240327;101004;556;1;9950105261;B
20240327;101004;556;12;9950105412;B
20240327;101005;556;18;9950105468;B
20240327;101005;556;1;9950105515;B
20240327;101006;556;1;9950105635;B
20240327;101007;556;100;9950105716;B
20240327;101007;556;41;9950105802;B
20240327;101009;556;4;9950106099;B
20240327;101009;556;1;9950106106;B
20240327;101009;556;7;9950106127;B
20240327;101010;555.95;1;9950106287;S
20240327;101014;556;1;9950106944;B
20240327;101014;556;17;9950106977;B
20240327;101014;556;2;9950107055;B
20240327;101016;556;1;9950107231;B
20240327;101016;556;1;9950107314;B
20240327;101016;555.95;36;9950107337;S
20240327;101016;555.95;107;9950107338;S
20240327;101016;555.95;1;9950107339;S
20240327;101016;555.95;1000;9950107340;S
20240327;101016;555.95;3;9950107341;S
20240327;101016;555.95;1;9950107342;S
20240327;101016;555.95;1;9950107343;S
20240327;101016;555.95;589;9950107344;S
20240327;101017;556;100;9950107472;B
20240327;101019;556;3;9950107749;B
20240327;101021;556;4;9950108034;B
20240327;101021;555.95;2;9950108060;S
20240327;101023;556;2;9950108488;B
20240327;101025;555.95;1;9950108637;S
20240327;101026;556;7;9950108809;B
20240327;101027;556;100;9950109007;B
20240327;101028;555.95;170;9950109173;S
20240327;101029;556;308;9950109377;B
20240327;101029;556;160;9950109378;B
20240327;101029;556;32;9950109379;B
20240327;101030;556;1;9950109410;B
20240327;101032;556;2;9950109818;B
20240327;101033;556;1;9950109880;B
20240327;101033;556;15;9950110019;B
20240327;101034;555.95;1;9950110188;S
20240327;101035;556;1;9950110190;B
20240327;101036;556;50;9950110368;B
20240327;101038;556;1;9950110808;B
20240327;101039;556;2;9950110933;B
20240327;101039;556;10;9950110978;B
20240327;101042;555.95;237;9950111613;S
20240327;101042;555.95;2;9950111614;S
20240327;101042;555.95;2;9950111615;S
20240327;101042;555.95;100;9950111616;S
20240327;101042;555.95;126;9950111617;S
20240327;101042;555.95;1;9950111618;S
20240327;101042;555.95;61;9950111619;S
20240327;101042;555.95;50;9950111620;S
20240327;101042;555.95;211;9950111621;S
20240327;101042;555.95;1;9950111630;S
20240327;101043;556;3;9950111836;B
20240327;101044;556;1;9950111989;B
20240327;101044;555.95;2;9950112019;S
20240327;101044;556;2;9950112029;B
20240327;101045;555.95;100;9950112190;S
20240327;101046;556;224;9950112368;B
20240327;101046;556;9;9950112369;B
20240327;101046;556;9;9950112370;B
20240327;101046;556;50;9950112371;B
20240327;101046;556;8;9950112372;B
20240327;101046;556;1;9950112381;B
20240327;101046;556;50;9950112459;B
20240327;101047;555.95;4;9950112533;S
20240327;101047;556;4;9950112576;B
20240327;101049;555.95;4;9950112940;S
20240327;101051;556;4;9950113301;B
20240327;101053;556;13;9950113596;B
20240327;101054;556;41;9950113846;B
20240327;101056;555.95;2;9950114132;S
20240327;101057;556;1;9950114241;B
20240327;101059;555.95;1;9950114559;S
20240327;101103;556;1;9950115356;B
20240327;101103;555.95;8;9950115365;S
20240327;101104;555.95;7;9950115502;S
20240327;101104;556;2;9950115582;B
20240327;101105;555.95;1;9950115677;S
20240327;101106;556;1000;9950115785;B
20240327;101107;556;2947;9950115924;B
20240327;101107;556;36;9950115925;B
20240327;101107;556;345;9950115926;B
20240327;101107;556;5;9950115927;B
20240327;101107;556;1;9950115949;B
20240327;101110;556;2;9950116539;B
20240327;101112;556;199;9950116700;B
20240327;101112;556;1;9950116773;B
20240327;101113;556;5;9950116971;B
20240327;101114;556;899;9950117094;B
20240327;101114;556;200;9950117205;B
20240327;101115;556;1;9950117233;B
20240327;101116;556;2;9950117454;B
20240327;101117;556;2;9950117507;B
20240327;101118;556;420;9950117670;B
20240327;101119;555.95;81;9950117858;S
20240327;101119;555.95;100;9950117859;S
20240327;101119;555.95;1;9950117860;S
20240327;101119;555.95;129;9950117861;S
20240327;101119;555.95;1;9950117862;S
20240327;101119;555.95;10;9950117863;S
20240327;101119;555.95;1;9950117864;S
20240327;101119;555.95;10;9950117865;S
20240327;101119;555.95;1;9950117866;S
20240327;101119;555.95;166;9950117867;S
20240327;101119;556;260;9950117868;B
20240327;101119;556;2;9950117945;B
20240327;101120;556;5;9950118065;B
20240327;101120;556;30;9950118080;B
20240327;101121;556;12;9950118218;B
20240327;101121;556;549;9950118242;B
20240327;101121;556;345;9950118243;B
20240327;101121;556;5;9950118244;B
20240327;101122;556;20;9950118259;B
20240327;101122;556;20;9950118338;B
20240327;101122;556;1;9950118340;B
20240327;101122;556;500;9950118365;B
20240327;101122;556;1;9950118386;B
20240327;101123;556;3;9950118428;B
20240327;101123;556;100;9950118566;B
20240327;101123;556;123;9950118578;B
20240327;101124;555.95;1;9950118644;S
20240327;101125;556;1;9950118827;B
20240327;101125;556;50;9950118831;B
20240327;101125;556;200;9950118875;B
20240327;101125;556;50;9950118884;B
20240327;101125;556;2;9950118909;B
20240327;101126;556;150;9950118974;B
20240327;101127;556;1;9950119107;B
20240327;101127;556;100;9950119123;B
20240327;101127;556;5;9950119131;B
20240327;101127;556;2;9950119196;B
20240327;101127;556;1453;9950119200;B
20240327;101127;556;345;9950119201;B
20240327;101128;555.95;373;9950119235;S
20240327;101128;555.95;100;9950119236;S
20240327;101128;555.95;404;9950119237;S
20240327;101128;555.95;143;9950119238;S
20240327;101128;555.95;500;9950119239;S
20240327;101128;555.95;100;9950119240;S
20240327;101128;555.95;300;9950119241;S
20240327;101128;555.95;135;9950119242;S
20240327;101128;555.95;1;9950119243;S
20240327;101128;555.9;2;9950119244;S
20240327;101128;555.9;1;9950119245;S
20240327;101128;555.9;100;9950119246;S
20240327;101128;555.9;143;9950119247;S
20240327;101128;555.9;1;9950119248;S
20240327;101128;555.9;10;9950119249;S
20240327;101128;555.9;10;9950119250;S
20240327;101128;555.9;1;9950119251;S
20240327;101128;555.9;1;9950119252;S
20240327;101128;555.85;85;9950119253;S
20240327;101128;555.95;100;9950119254;B
20240327;101128;555.95;100;9950119255;B
20240327;101128;555.9;1;9950119286;S
20240327;101128;555.95;40;9950119287;B
20240327;101129;555.9;142;9950119411;S
20240327;101129;555.9;100;9950119412;S
20240327;101129;555.9;540;9950119413;S
20240327;101129;555.85;240;9950119414;S
20240327;101129;555.85;30;9950119415;S
20240327;101129;555.85;5;9950119416;S
20240327;101129;555.85;2;9950119417;S
20240327;101129;555.85;1;9950119418;S
20240327;101129;555.85;2;9950119419;S
20240327;101129;555.85;2;9950119420;S
20240327;101129;555.85;80;9950119421;S
20240327;101129;555.85;1;9950119422;S
20240327;101129;555.85;10;9950119423;S
20240327;101129;555.85;143;9950119424;S
20240327;101129;555.85;404;9950119425;S
20240327;101129;555.85;200;9950119426;S
20240327;101130;555.85;590;9950119542;B
20240327;101130;555.85;60;9950119544;B
20240327;101131;555.8;3;9950119691;S
20240327;101131;555.8;1;9950119692;S
20240327;101131;555.85;11;9950119771;B
20240327;101132;555.8;1;9950119887;S
20240327;101132;555.8;1;9950119888;S
20240327;101134;555.85;15;9950120112;B
20240327;101134;555.85;1;9950120311;B
20240327;101136;555.85;17;9950120640;B
20240327;101136;555.85;2;9950120646;B
20240327;101138;555.8;1;9950120815;S
20240327;101138;555.8;9;9950120816;S
20240327;101139;555.85;5;9950121047;B
20240327;101139;555.85;1;9950121068;B
20240327;101140;555.85;200;9950121125;B
20240327;101142;555.85;1;9950121499;B
20240327;101142;555.8;1;9950121669;S
20240327;101142;555.8;5;9950121670;S
20240327;101142;555.8;1;9950121671;S
20240327;101142;555.8;143;9950121672;S
20240327;101142;555.8;100;9950121673;S
20240327;101142;555.8;250;9950121674;S
20240327;101143;555.85;50;9950121723;B
20240327;101143;555.8;10;9950121725;S
20240327;101143;555.85;2;9950121742;B
20240327;101144;555.85;1;9950121989;B
20240327;101144;555.85;50;9950122011;B
20240327;101145;555.85;50;9950122164;B
20240327;101148;555.85;4;9950122638;B
20240327;101153;555.85;1;9950123314;B
20240327;101153;555.85;1;9950123380;B
20240327;101154;555.85;2;9950123520;B
20240327;101155;555.8;5;9950123611;S
20240327;101155;555.85;2;9950123629;B
20240327;101157;555.85;1;9950123849;B
20240327;101158;555.85;1;9950123918;B
20240327;101159;555.85;30;9950124001;B
20240327;101159;555.85;455;9950124002;B
20240327;101203;555.85;18;9950124676;B
20240327;101203;555.85;1;9950124685;B
20240327;101204;555.85;20;9950124924;B
20240327;101204;555.85;139;9950124969;B
20240327;101205;555.8;275;9950124999;S
20240327;101205;555.8;100;9950125000;S
20240327;101205;555.8;143;9950125001;S
20240327;101205;555.8;135;9950125002;S
20240327;101205;555.8;11;9950125003;S
20240327;101205;555.8;3;9950125004;S
20240327;101205;555.8;1;9950125005;S
20240327;101205;555.8;1;9950125006;S
20240327;101205;555.8;1;9950125007;S
20240327;101205;555.8;1;9950125008;S
20240327;101205;555.8;329;9950125009;S
20240327;101205;555.85;8567;9950125072;B
20240327;101205;555.95;14;9950125073;B
20240327;101205;555.95;134;9950125074;B
20240327;101205;555.95;142;9950125075;B
20240327;101206;556;3;9950125134;B
20240327;101206;556;50;9950125176;B
20240327;101209;555.95;1;9950125580;S
20240327;101210;555.95;40;9950125691;B
20240327;101210;555.95;50;9950125694;B
20240327;101211;555.9;1;9950125868;S
20240327;101213;555.9;403;9950126129;S
20240327;101213;555.9;20;9950126130;S
20240327;101213;555.9;100;9950126131;S
20240327;101213;555.85;477;9950126132;S
20240327;101215;556;1;9950126482;B
20240327;101216;556;10;9950126561;B
20240327;101219;555.95;5;9950126908;S
20240327;101219;556;4;9950126912;B
20240327;101219;555.9;95;9950126917;S
20240327;101220;556;100;9950127003;B
20240327;101223;556;1;9950127624;B
20240327;101224;556;9;9950127637;B
20240327;101225;556;13;9950127863;B
20240327;101226;556;1;9950128074;B
20240327;101229;556;5;9950128449;B
20240327;101230;556;3;9950128564;B
20240327;101230;556;1;9950128670;B
20240327;101230;555.95;30;9950128678;S
20240327;101231;556;1;9950128724;B
20240327;101234;556;1;9950129268;B
20240327;101235;556;1;9950129553;B
20240327;101235;556;3;9950129563;B
20240327;101236;556;2;9950129754;B
20240327;101239;556;1;9950130217;B
20240327;101241;556;6;9950130492;B
20240327;101244;556;1;9950130895;B
20240327;101245;556;15;9950131070;B
20240327;101245;556;130;9950131159;B
20240327;101246;556;179;9950131338;B
20240327;101247;556;100;9950131378;B
20240327;101248;556;2;9950131513;B
20240327;101248;556;1;9950131566;B
20240327;101248;555.95;1;9950131624;S
20240327;101249;556;450;9950131655;B
20240327;101250;556;50;9950131839;B
20240327;101252;556;100;9950132255;B
20240327;101252;555.95;17;9950132305;S
20240327;101253;555.95;80;9950132324;S
20240327;101253;556;7124;9950132396;B
20240327;101253;556;4;9950132397;B
20240327;101253;556;50;9950132398;B
20240327;101253;556;690;9950132399;B
20240327;101254;556;3;9950132510;B
20240327;101254;556;5;9950132555;B
20240327;101255;556;5;9950132643;B
20240327;101257;556;145;9950133072;B
20240327;101258;556;7;9950133216;B
20240327;101258;556;1;9950133222;B
20240327;101259;556;10;9950133362;B
20240327;101300;556;161;9950133599;B
20240327;101302;555.95;2;9950133918;S
20240327;101302;555.95;1;9950133919;S
20240327;101302;555.95;1;9950133920;S
20240327;101302;555.95;1;9950133921;S
20240327;101304;556;2;9950134252;B
20240327;101304;556;4;9950134262;B
20240327;101304;556;9;9950134267;B
20240327;101304;556;50;9950134323;B
20240327;101305;556;5;9950134327;B
20240327;101306;556;7;9950134475;B
20240327;101306;556;4;9950134549;B
20240327;101307;555.95;2;9950134817;S
20240327;101308;556;1;9950134975;B
20240327;101308;556;15;9950135004;B
20240327;101308;556;1409;9950135012;B
20240327;101308;556;345;9950135013;B
20240327;101309;556;45;9950135105;B
20240327;101309;556;2;9950135172;B
20240327;101310;555.95;30;9950135312;S
20240327;101311;555.95;1;9950135474;S
20240327;101312;556;10;9950135478;B
20240327;101314;555.95;3;9950135840;S
20240327;101317;556;6;9950136248;B
20240327;101317;555.95;1;9950136373;S
20240327;101318;556;1;9950136398;B
20240327;101319;555.95;10;9950136631;S
20240327;101323;556;150;9950137119;B
20240327;101325;556;2;9950137448;B
20240327;101326;556;2;9950137536;B
20240327;101326;555.95;5;9950137538;S
20240327;101326;555.95;159;9950137597;S
20240327;101326;556;1000;9950137600;B
20240327;101327;556;2;9950137702;B
20240327;101327;556;100;9950137752;B
20240327;101327;556;4;9950137756;B
20240327;101327;556;1;9950137778;B
20240327;101327;555.95;10;9950137779;S
20240327;101329;555.95;10;9950137957;S
20240327;101329;556;720;9950137983;B
20240327;101329;556;280;9950137984;B
20240327;101329;556;65;9950137987;B
20240327;101329;556;7;9950137988;B
20240327;101329;556;28;9950137989;B
20240327;101331;556;1;9950138288;B
20240327;101332;555.95;1;9950138444;S
20240327;101333;556;150;9950138456;B
20240327;101333;555.95;3;9950138477;S
20240327;101333;556;200;9950138550;B
20240327;101333;556;100;9950138551;B
20240327;101333;555.95;70;9950138631;S
20240327;101334;556;2;9950138693;B
20240327;101336;556;10;9950138968;B
20240327;101337;556;70;9950139110;B
20240327;101337;555.95;350;9950139191;S
20240327;101340;556;5;9950139544;B
20240327;101340;556;1;9950139589;B
20240327;101341;556;1;9950139634;B
20240327;101341;555.95;245;9950139732;S
20240327;101343;556;2655;9950140143;B
20240327;101343;556;345;9950140144;B
20240327;101344;555.95;2;9950140176;S
20240327;101344;556;100;9950140279;B
20240327;101345;555.95;1;9950140397;S
20240327;101345;556;100;9950140424;B
20240327;101345;556;1;9950140455;B
20240327;101345;556;2;9950140456;B
20240327;101346;555.95;2;9950140473;S
20240327;101346;556;10;9950140525;B
20240327;101346;556;100;9950140538;B
20240327;101347;556;100;9950140663;B
20240327;101347;556;200;9950140664;B
20240327;101347;556;200;9950140665;B
20240327;101347;556;200;9950140666;B
20240327;101347;556;200;9950140667;B
20240327;101347;556;100;9950140668;B
20240327;101347;556;200;9950140669;B
20240327;101347;556;200;9950140670;B
20240327;101347;556;100;9950140671;B
20240327;101347;556;200;9950140672;B
20240327;101347;556;200;9950140673;B
20240327;101347;556;100;9950140674;B
20240327;101347;556;200;9950140675;B
20240327;101347;556;100;9950140720;B
20240327;101348;556;5;9950140752;B
20240327;101348;555.95;294;9950140792;S
20240327;101348;555.95;106;9950140793;S
20240327;101348;556;2;9950140813;B
20240327;101349;556;200;9950140873;B
20240327;101349;556;5;9950140953;B
20240327;101350;556;18;9950141043;B
20240327;101351;556;100;9950141131;B
20240327;101351;556;2;9950141212;B
20240327;101353;555.95;10;9950141449;S
20240327;101353;556;32;9950141496;B
20240327;101353;556;18;9950141497;B
20240327;101353;555.95;80;9950141544;S
20240327;101354;556;50;9950141621;B
20240327;101354;556;45;9950141656;B
20240327;101354;556;100;9950141668;B
20240327;101355;555.95;344;9950141803;S
20240327;101355;555.95;1;9950141804;S
20240327;101355;555.95;100;9950141805;S
20240327;101355;555.95;143;9950141806;S
20240327;101355;555.95;20;9950141807;S
20240327;101355;555.95;1;9950141808;S
20240327;101355;555.95;9;9950141809;S
20240327;101355;555.95;1;9950141810;S
20240327;101355;555.95;100;9950141811;S
20240327;101355;555.95;1;9950141812;S
20240327;101355;555.95;40;9950141813;S
20240327;101355;555.95;20;9950141814;S
20240327;101355;555.95;220;9950141815;S
20240327;101356;556;2;9950141961;B
20240327;101356;555.95;280;9950142012;S
20240327;101356;555.95;2;9950142013;S
20240327;101356;555.95;9;9950142014;S
20240327;101356;555.95;100;9950142015;S
20240327;101356;555.95;143;9950142016;S
20240327;101356;555.95;50;9950142017;S
20240327;101356;555.95;1;9950142018;S
20240327;101356;555.95;300;9950142019;B
20240327;101356;555.95;100;9950142020;B
20240327;101356;555.95;2;9950142036;B
20240327;101358;555.95;9;9950142248;B
20240327;101358;555.95;4;9950142294;B
20240327;101358;555.95;1196;9950142295;B
20240327;101359;555.95;3000;9950142337;B
20240327;101359;556;1;9950142422;B
20240327;101401;555.95;100;9950142709;S
20240327;101401;555.95;24;9950142710;S
20240327;101402;555.95;366;9950142804;B
20240327;101403;555.95;1;9950142972;B
20240327;101404;555.95;9;9950143066;B
20240327;101404;555.95;45;9950143067;B
20240327;101404;555.95;46;9950143068;B
20240327;101404;556;1;9950143181;B
20240327;101405;556;50;9950143252;B
20240327;101405;556;2;9950143258;B
20240327;101406;555.95;157;9950143435;S
20240327;101406;555.95;100;9950143436;S
20240327;101406;555.9;10;9950143437;S
20240327;101406;555.9;2;9950143438;S
20240327;101406;555.9;1;9950143439;S
20240327;101406;555.9;143;9950143440;S
20240327;101406;555.9;1;9950143441;S
20240327;101406;555.9;2;9950143442;S
20240327;101406;555.9;540;9950143443;S
20240327;101406;555.85;44;9950143444;S
20240327;101407;555.95;3;9950143744;B
20240327;101410;555.95;18;9950144178;B
20240327;101411;555.95;50;9950144356;B
20240327;101412;555.95;50;9950144581;B
20240327;101415;555.9;1;9950145035;S
20240327;101415;555.95;50;9950145061;B
20240327;101416;555.95;100;9950145154;B
20240327;101416;555.95;3;9950145229;B
20240327;101417;555.95;1;9950145329;B
20240327;101417;555.9;2;9950145330;S
20240327;101420;555.95;5;9950145840;B
20240327;101420;555.95;2;9950145900;B
20240327;101421;555.95;218;9950146219;B
20240327;101421;555.95;10;9950146220;B
20240327;101421;556;6;9950146231;B
20240327;101421;555.95;4;9950146242;S
20240327;101423;556;1;9950146471;B
20240327;101425;556;1;9950146689;B
20240327;101425;556;50;9950146743;B
20240327;101426;556;1;9950146754;B
20240327;101426;556;2;9950146804;B
20240327;101427;556;1;9950146882;B
20240327;101428;556;11;9950147061;B
20240327;101428;556;4;9950147070;B
20240327;101429;555.95;158;9950147146;S
20240327;101429;555.95;28;9950147147;S
20240327;101429;555.9;268;9950147148;S
20240327;101429;555.9;46;9950147149;S
20240327;101429;556;150;9950147158;B
20240327;101430;555.95;100;9950147268;B
20240327;101430;555.95;100;9950147269;B
20240327;101430;555.95;100;9950147270;B
20240327;101431;555.95;50;9950147318;B
20240327;101431;555.95;100;9950147389;B
20240327;101431;555.95;50;9950147393;B
20240327;101432;555.95;300;9950147570;B
20240327;101432;555.95;200;9950147571;B
20240327;101432;555.95;100;9950147572;B
20240327;101432;555.95;100;9950147573;B
20240327;101432;555.95;100;9950147574;B
20240327;101432;555.95;200;9950147575;B
20240327;101432;555.95;100;9950147576;B
20240327;101432;555.95;200;9950147577;B
20240327;101434;555.95;5;9950147721;B
20240327;101434;556;11;9950147747;B
20240327;101434;555.95;95;9950147749;S
20240327;101434;555.95;148;9950147750;S
20240327;101436;555.95;152;9950148003;S
20240327;101436;555.95;100;9950148004;S
20240327;101436;555.95;248;9950148005;S
20240327;101436;556;1;9950148043;B
20240327;101437;556;9;9950148143;B
20240327;101437;556;1;9950148269;B
20240327;101438;555.95;10;9950148412;S
20240327;101441;556;1;9950148647;B
20240327;101441;556;2;9950148664;B
20240327;101442;556;18;9950148826;B
20240327;101442;556;3;9950148874;B
20240327;101443;556;1;9950148954;B
20240327;101443;556;10;9950149019;B
20240327;101445;555.95;1;9950149263;S
20240327;101446;556;43;9950149296;B
20240327;101449;556;10;9950149671;B
20240327;101450;555.95;41;9950149710;S
20240327;101450;555.95;100;9950149711;S
20240327;101450;555.95;100;9950149712;S
20240327;101450;555.95;86;9950149713;S
20240327;101450;556;1;9950149799;B
20240327;101453;556;2;9950150216;B
20240327;101454;555.95;6;9950150258;S
20240327;101457;556;39;9950150732;B
20240327;101458;556;5;9950150806;B
20240327;101459;556;5;9950150956;B
20240327;101501;555.95;90;9950151432;S
20240327;101502;555.95;3;9950151498;S
20240327;101502;556;1;9950151622;B
20240327;101503;556;16;9950151670;B
20240327;101504;556;1;9950151926;B
20240327;101504;556;1;9950151931;B
20240327;101504;555.95;85;9950151954;S
20240327;101504;555.95;415;9950151955;S
20240327;101506;556;100;9950152300;B
20240327;101507;555.95;20;9950152380;S
20240327;101507;555.95;65;9950152482;S
20240327;101507;555.95;1;9950152483;S
20240327;101507;555.95;1;9950152484;S
20240327;101508;555.95;1;9950152578;B
20240327;101508;555.9;1;9950152627;S
20240327;101509;555.9;1;9950152670;S
20240327;101509;555.95;1;9950152693;B
20240327;101509;555.95;2;9950152750;B
20240327;101510;555.9;4;9950152811;S
20240327;101510;555.95;238;9950152860;B
20240327;101510;555.95;9;9950152981;B
20240327;101514;555.95;3;9950153809;B
20240327;101515;555.95;3;9950153887;B
20240327;101515;555.95;111;9950154003;B
20240327;101515;555.95;1;9950154106;B
20240327;101516;555.9;4;9950154184;S
20240327;101516;555.95;1;9950154285;B
20240327;101517;555.95;30;9950154379;B
20240327;101517;555.95;1;9950154515;B
20240327;101518;555.9;3;9950154651;S
20240327;101518;555.95;2;9950154739;B
20240327;101518;555.95;5;9950154860;B
20240327;101518;555.95;2;9950154864;B
20240327;101519;555.95;1;9950155046;B
20240327;101521;555.9;34;9950155408;S
20240327;101521;555.9;10;9950155409;S
20240327;101521;555.9;1;9950155410;S
20240327;101521;555.9;100;9950155411;S
20240327;101521;555.9;3;9950155412;S
20240327;101521;555.9;1;9950155413;S
20240327;101521;555.9;250;9950155414;S
20240327;101521;555.9;10;9950155415;S
20240327;101521;555.9;44;9950155416;S
20240327;101521;555.9;2;9950155417;S
20240327;101521;555.9;500;9950155418;S
20240327;101522;555.9;29;9950155620;B
20240327;101522;555.9;1;9950155638;B
20240327;101523;555.9;1;9950155749;B
20240327;101523;555.9;1;9950155785;B
20240327;101524;555.85;1;9950155935;S
20240327;101524;555.9;13;9950156024;B
20240327;101524;555.9;540;9950156025;B
20240327;101524;555.9;447;9950156026;B
20240327;101524;555.9;70;9950156042;B
20240327;101525;555.85;1;9950156248;S
20240327;101526;555.9;2;9950156267;B
20240327;101526;555.85;1;9950156373;S
20240327;101527;555.85;1;9950156643;S
20240327;101528;555.9;15;9950156805;B
20240327;101528;555.85;249;9950156949;S
20240327;101529;555.85;2;9950157068;S
20240327;101529;555.85;425;9950157185;S
20240327;101529;555.85;35;9950157186;S
20240327;101529;555.85;1;9950157187;S
20240327;101529;555.85;2;9950157188;S
20240327;101529;555.85;1;9950157189;S
20240327;101529;555.85;10;9950157190;S
20240327;101529;555.85;2;9950157191;S
20240327;101529;555.85;6;9950157192;S
20240327;101529;555.85;1;9950157193;S
20240327;101529;555.85;5;9950157194;S
20240327;101529;555.85;129;9950157195;S
20240327;101529;555.8;1;9950157196;S
20240327;101529;555.8;1;9950157197;S
20240327;101529;555.8;8;9950157198;S
20240327;101529;555.8;2;9950157199;S
20240327;101529;555.8;1;9950157200;S
20240327;101529;555.8;1;9950157201;S
20240327;101529;555.8;30;9950157202;S
20240327;101529;555.8;100;9950157203;S
20240327;101529;555.8;143;9950157204;S
20240327;101529;555.8;233;9950157205;S
20240327;101529;555.8;3;9950157206;S
20240327;101529;555.8;5;9950157207;S
20240327;101529;555.75;1;9950157208;S
20240327;101529;555.75;3;9950157209;S
20240327;101529;555.75;3;9950157210;S
20240327;101529;555.75;2;9950157211;S
20240327;101529;555.75;644;9950157212;S
20240327;101530;555.8;10;9950157406;B
20240327;101531;555.8;1;9950157580;B
20240327;101531;555.8;1;9950157582;B
20240327;101532;555.75;1;9950157791;S
20240327;101532;555.8;1;9950157907;B
20240327;101533;555.75;4;9950157984;S
20240327;101533;555.75;1;9950158049;S
20240327;101533;555.75;29;9950158065;S
20240327;101534;555.8;1;9950158190;B
20240327;101534;555.8;8;9950158293;B
20240327;101534;555.8;20;9950158333;B
20240327;101535;555.75;1;9950158401;S
20240327;101535;555.8;90;9950158426;B
20240327;101536;555.8;30;9950158622;B
20240327;101537;555.75;1;9950158703;S
20240327;101537;555.75;2;9950158826;S
20240327;101538;555.8;29;9950158931;B
20240327;101539;555.75;50;9950159154;S
20240327;101540;555.8;1;9950159172;B
20240327;101540;555.75;195;9950159184;S
20240327;101540;555.8;1;9950159199;B
20240327;101540;555.8;1;9950159246;B
20240327;101540;555.8;12;9950159353;B
20240327;101540;555.8;35;9950159362;B
20240327;101540;555.75;30;9950159403;S
20240327;101540;555.75;2;9950159413;S
20240327;101541;555.8;3;9950159459;B
20240327;101542;555.75;199;9950159659;S
20240327;101544;555.75;2;9950160093;S
20240327;101545;555.8;1;9950160133;B
20240327;101546;555.8;2;9950160304;B
20240327;101546;555.8;5;9950160403;B
20240327;101547;555.75;1;9950160561;S
20240327;101547;555.8;3;9950160612;B
20240327;101549;555.8;1;9950160866;B
20240327;101549;555.75;1;9950160941;S
20240327;101549;555.75;3;9950160955;S
20240327;101550;555.8;1;9950161003;B
20240327;101550;555.75;1;9950161079;S
20240327;101551;555.75;1;9950161231;S
20240327;101551;555.8;1;9950161242;B
20240327;101551;555.8;45;9950161263;B
20240327;101551;555.8;1;9950161303;B
20240327;101551;555.75;21;9950161305;S
20240327;101552;555.75;1;9950161460;S
20240327;101552;555.8;1;9950161481;B
20240327;101553;555.75;2;9950161687;S
20240327;101553;555.75;13;9950161717;S
20240327;101553;555.8;11;9950161720;B
20240327;101554;555.8;2;9950161933;B
20240327;101555;555.8;1;9950162020;B
20240327;101555;555.8;1;9950162022;B
20240327;101555;555.8;11;9950162045;B
20240327;101555;555.8;1;9950162136;B
20240327;101556;555.75;671;9950162214;S
20240327;101556;555.75;1;9950162266;S
20240327;101557;555.8;1;9950162333;B
20240327;101558;555.75;1;9950162531;S
20240327;101558;555.75;1;9950162545;S
20240327;101558;555.75;2;9950162605;S
20240327;101558;555.8;64;9950162628;B
20240327;101558;555.75;4;9950162694;S
20240327;101600;555.8;80;9950162896;B
20240327;101601;555.75;2;9950163159;S
20240327;101601;555.75;41;9950163161;S
20240327;101601;555.8;1;9950163164;B
20240327;101603;555.75;88;9950163550;S
20240327;101603;555.8;4;9950163661;B
20240327;101604;555.8;14;9950163969;B
20240327;101604;555.8;1;9950164017;B
20240327;101605;555.8;1;9950164433;B
20240327;101605;555.8;4;9950164475;B
20240327;101605;555.75;3;9950164478;S
20240327;101605;555.8;10;9950164527;B
20240327;101606;555.75;4;9950164722;S
20240327;101607;555.8;1;9950164874;B
20240327;101608;555.75;45;9950165170;S
20240327;101608;555.75;400;9950165225;S
20240327;101611;555.75;1;9950165824;S
20240327;101611;555.8;20;9950165837;B
20240327;101612;555.8;4;9950165980;B
20240327;101612;555.75;11;9950166085;S
20240327;101613;555.8;3;9950166290;B
20240327;101613;555.8;1;9950166347;B
20240327;101614;555.8;1;9950166649;B
20240327;101615;555.8;1;9950166667;B
20240327;101616;555.75;1;9950166919;S
20240327;101616;555.8;1;9950166947;B
20240327;101616;555.75;257;9950167077;S
20240327;101616;555.75;21;9950167098;S
20240327;101616;555.8;1;9950167100;B
20240327;101617;555.75;25;9950167224;S
20240327;101617;555.8;3;9950167320;B
20240327;101618;555.75;30;9950167553;S
20240327;101618;555.8;1;9950167604;B
20240327;101618;555.8;1;9950167605;B
20240327;101620;555.8;1;9950167969;B
20240327;101620;555.8;1;9950168089;B
20240327;101621;555.8;1;9950168155;B
20240327;101621;555.8;1;9950168170;B
20240327;101621;555.8;4;9950168349;B
20240327;101622;555.8;90;9950168410;B
20240327;101622;555.8;233;9950168411;B
20240327;101622;555.8;1;9950168433;B
20240327;101623;555.75;1;9950168727;S
20240327;101624;555.8;1;9950168913;B
20240327;101625;555.8;140;9950169179;B
20240327;101625;555.8;1;9950169225;B
20240327;101625;555.8;1;9950169265;B
20240327;101625;555.8;1;9950169280;B
20240327;101626;555.8;10;9950169318;B
20240327;101626;555.8;10;9950169414;B
20240327;101627;555.75;2;9950169615;S
20240327;101627;555.75;1;9950169692;S
20240327;101628;555.75;1;9950169823;S
20240327;101628;555.75;2;9950169858;S
20240327;101628;555.75;1;9950169862;S
20240327;101628;555.8;10;9950169909;B
20240327;101628;555.8;1;9950169914;B
20240327;101629;555.8;4;9950170077;B
20240327;101629;555.8;1;9950170196;B
20240327;101630;555.75;1;9950170321;S
20240327;101630;555.8;8;9950170325;B
20240327;101630;555.8;1;9950170357;B
20240327;101631;555.8;5;9950170479;B
20240327;101632;555.8;2;9950170875;B
20240327;101632;555.75;1;9950170915;S
20240327;101632;555.8;1;9950170928;B
20240327;101633;555.8;1;9950171071;B
20240327;101633;555.8;2;9950171094;B
20240327;101633;555.8;4;9950171112;B
20240327;101633;555.8;3;9950171233;B
20240327;101634;555.8;1;9950171365;B
20240327;101634;555.75;1;9950171400;S
20240327;101634;555.8;2;9950171415;B
20240327;101634;555.8;100;9950171464;B
20240327;101635;555.75;68;9950171628;S
20240327;101636;555.75;3;9950171769;S
20240327;101637;555.75;1;9950172025;S
20240327;101637;555.75;9;9950172051;S
20240327;101637;555.8;1;9950172264;B
20240327;101638;555.8;1;9950172434;B
20240327;101638;555.8;5;9950172576;B
20240327;101639;555.75;2;9950172736;S
20240327;101639;555.75;1;9950172739;S
20240327;101639;555.8;5;9950172772;B
20240327;101640;555.8;1;9950172807;B
20240327;101641;555.8;1;9950173080;B
20240327;101641;555.8;14;9950173180;B
20240327;101641;555.8;4;9950173188;B
20240327;101641;555.8;18;9950173251;B
20240327;101641;555.8;5;9950173252;B
20240327;101643;555.8;1;9950173487;B
20240327;101644;555.75;5;9950173819;S
20240327;101645;555.8;1;9950173840;B
20240327;101645;555.8;1;9950173969;B
20240327;101646;555.8;10;9950174081;B
20240327;101646;555.8;1;9950174091;B
20240327;101647;555.8;2;9950174185;B
20240327;101647;555.75;1;9950174299;S
20240327;101647;555.8;6;9950174316;B
20240327;101648;555.75;1;9950174458;S
20240327;101648;555.75;81;9950174502;S
20240327;101649;555.8;90;9950174509;B
20240327;101649;555.75;1;9950174648;S
20240327;101649;555.8;2;9950174669;B
20240327;101650;555.75;1;9950174702;S
