<DATE>;<TIME>;<LAST>;<VOL>;<ID>;<OPER>
20240419;095955;582;15;10159916659;B
20240419;095955;582;6;10159916660;S
20240419;095955;582;58;10159916661;S
20240419;095955;582;1;10159916662;S
20240419;095955;582;2;10159916663;S
20240419;095955;582;100;10159916664;S
20240419;095955;582;4;10159916665;S
20240419;095955;582;1;10159916666;S
20240419;095955;582;1;10159916667;S
20240419;095955;582;10;10159916668;B
20240419;095955;582;3;10159916669;S
20240419;095955;582;15;10159916670;S
20240419;095955;582;1;10159916671;S
20240419;095955;582;3;10159916672;B
20240419;095955;582;3;10159916673;S
20240419;095955;582;1;10159916674;S
20240419;095955;582;3;10159916675;S
20240419;095955;582;1;10159916676;S
20240419;095955;582;2;10159916677;S
20240419;095955;582;3;10159916678;S
20240419;095955;582;1;10159916679;B
20240419;095955;582;1;10159916680;B
20240419;095955;582;65;10159916681;B
20240419;095955;582;2;10159916682;B
20240419;095955;582;6;10159916683;B
20240419;095955;582;7;10159916684;B
20240419;095955;582;2;10159916685;B
20240419;095955;582;1;10159916686;B
20240419;095955;582;1;10159916687;B
20240419;095955;582;4;10159916688;B
20240419;095955;582;28;10159916689;B
20240419;095955;582;2;10159916690;B
20240419;095955;582;2;10159916691;B
20240419;095955;582;1;10159916692;B
20240419;095955;582;2;10159916693;B
20240419;095955;582;1;10159916694;B
20240419;095955;582;4;10159916695;B
20240419;095955;582;1;10159916696;B
20240419;095955;582;1;10159916697;B
20240419;095955;582;1;10159916698;B
20240419;095955;582;2;10159916699;B
20240419;095955;582;1;10159916700;B
20240419;095955;582;2;10159916701;B
20240419;095955;582;1;10159916702;B
20240419;095955;582;1;10159916703;B
20240419;095955;582;2;10159916704;B
20240419;095955;582;6;10159916705;B
20240419;095955;582;27;10159916706;B
20240419;095955;582;6;10159916707;B
20240419;095955;582;4;10159916708;B
20240419;095955;582;10;10159916709;B
20240419;095955;582;8;10159916710;B
20240419;095955;582;17;10159916711;B
20240419;095955;582;22;10159916712;B
20240419;095955;582;2;10159916713;B
20240419;095955;582;1;10159916714;B
20240419;095955;582;1;10159916715;B
20240419;095955;582;1;10159916716;B
20240419;095955;582;2;10159916717;B
20240419;095955;582;1;10159916718;B
20240419;095955;582;300;10159916719;B
20240419;095955;582;1;10159916720;B
20240419;095955;582;2;10159916721;B
20240419;095955;582;1;10159916722;B
20240419;095955;582;3;10159916723;S
20240419;095955;582;1;10159916724;S
20240419;095955;582;10;10159916725;S
20240419;095955;582;2;10159916726;S
20240419;095955;582;1;10159916727;S
20240419;095955;582;2;10159916728;S
20240419;095955;582;73;10159916729;S
20240419;095955;582;1;10159916730;S
20240419;095955;582;2;10159916731;S
20240419;095955;582;1;10159916732;B
20240419;095955;582;1;10159916733;B
20240419;095955;582;79;10159916734;B
20240419;095955;582;6;10159916735;B
20240419;095955;582;2;10159916736;B
20240419;095955;582;28;10159916737;B
20240419;095955;582;50;10159916738;S
20240419;095955;582;1;10159916739;B
20240419;095955;582;50;10159916740;S
20240419;095955;582;2;10159916741;B
20240419;095955;582;1;10159916742;B
20240419;095955;582;5;10159916743;B
20240419;095955;582;4;10159916744;B
20240419;095955;582;1;10159916745;B
20240419;095955;582;3;10159916746;S
20240419;095955;582;1;10159916747;S
20240419;095955;582;1;10159916748;B
20240419;095955;582;5;10159916749;B
20240419;095955;582;1;10159916750;B
20240419;095955;582;1;10159916751;B
20240419;095955;582;47;10159916752;B
20240419;095955;582;2;10159916753;B
20240419;095955;582;5;10159916754;S
20240419;095955;582;5;10159916755;B
20240419;095955;582;3;10159916756;S
20240419;095955;582;3;10159916757;S
20240419;095955;582;3;10159916758;S
20240419;095955;582;1;10159916759;S
20240419;095955;582;10;10159916760;S
20240419;095955;582;20;10159916761;B
20240419;095955;582;3;10159916762;S
20240419;095955;582;1;10159916763;S
20240419;095955;582;5;10159916764;B
20240419;095955;582;3;10159916765;B
20240419;095955;582;5;10159916766;B
20240419;095955;582;5;10159916767;B
20240419;095955;582;2;10159916768;B
20240419;095955;582;3;10159916769;S
20240419;095955;582;3;10159916770;S
20240419;095955;582;3;10159916771;S
20240419;095955;582;3;10159916772;S
20240419;095955;582;1;10159916773;B
20240419;095955;582;3;10159916774;B
20240419;095955;582;8;10159916775;B
20240419;095955;582;4;10159916776;B
20240419;095955;582;13;10159916777;B
20240419;095955;582;10;10159916778;B
20240419;095955;582;4;10159916779;B
20240419;095955;582;150;10159916780;S
20240419;095955;582;3;10159916781;S
20240419;095955;582;1000;10159916782;S
20240419;095955;582;45;10159916783;S
20240419;095955;582;1;10159916784;S
20240419;095955;582;10;10159916785;S
20240419;095955;582;50;10159916786;S
20240419;095955;582;2;10159916787;S
20240419;095955;582;48;10159916788;S
20240419;095955;582;1;10159916789;S
20240419;095955;582;20;10159916790;S
20240419;095955;582;1;10159916791;S
20240419;095955;582;3;10159916792;S
20240419;095955;582;150;10159916793;S
20240419;095955;582;800;10159916794;S
20240419;095955;582;5;10159916795;S
20240419;095955;582;2;10159916796;S
20240419;095955;582;350;10159916797;S
20240419;095955;582;100;10159916798;S
20240419;095955;582;177;10159916799;S
20240419;095955;582;1;10159916800;S
20240419;095955;582;2;10159916801;S
20240419;095955;582;1;10159916802;S
20240419;095955;582;2;10159916803;B
20240419;095955;582;4;10159916804;B
20240419;095955;582;4;10159916805;B
20240419;095955;582;4;10159916806;B
20240419;095955;582;4;10159916807;B
20240419;095955;582;1;10159916808;B
20240419;095955;582;4;10159916809;B
20240419;095955;582;4;10159916810;B
20240419;095955;582;4;10159916811;B
20240419;095955;582;3;10159916812;B
20240419;095955;582;1;10159916813;B
20240419;095955;582;11;10159916814;B
20240419;095955;582;59;10159916815;B
20240419;095955;582;11;10159916816;B
20240419;095955;582;2;10159916817;B
20240419;095955;582;17;10159916818;S
20240419;095955;582;50;10159916819;S
20240419;095955;582;40;10159916820;S
20240419;095955;582;1;10159916821;S
20240419;095955;582;300;10159916822;S
20240419;095955;582;28;10159916823;B
20240419;095955;582;6;10159916824;B
20240419;095955;582;3;10159916825;S
20240419;095955;582;1;10159916826;S
20240419;095955;582;24;10159916827;S
20240419;095955;582;75;10159916828;S
20240419;095955;582;1;10159916829;S
20240419;095955;582;20;10159916830;S
20240419;095955;582;1;10159916831;B
20240419;095955;582;833;10159916832;B
20240419;095955;582;4;10159916833;B
20240419;095955;582;72;10159916834;B
20240419;095955;582;128;10159916835;B
20240419;095955;582;100;10159916836;B
20240419;095955;582;5;10159916837;B
20240419;095955;582;4;10159916838;B
20240419;095955;582;100;10159916839;B
20240419;095955;582;1;10159916840;B
20240419;095955;582;4;10159916841;B
20240419;095955;582;12;10159916842;B
20240419;095955;582;4;10159916843;B
20240419;095955;582;1;10159916844;B
20240419;095955;582;4;10159916845;B
20240419;095955;582;2;10159916846;B
20240419;095955;582;1;10159916847;B
20240419;095955;582;5;10159916848;B
20240419;095955;582;1;10159916849;B
20240419;095955;582;100;10159916850;B
20240419;095955;582;15;10159916851;B
20240419;095955;582;1;10159916852;B
20240419;095955;582;8;10159916853;B
20240419;095955;582;4;10159916854;B
20240419;095955;582;3;10159916855;B
20240419;095955;582;4;10159916856;B
20240419;095955;582;1493;10159916857;B
20240419;100000;581.8;100;10159918105;B
20240419;100000;581.8;73;10159918108;B
20240419;100000;581.85;27;10159918109;B
20240419;100001;581.85;300;10159918180;S
20240419;100001;581.85;300;10159918229;S
20240419;100001;581.85;500;10159918231;B
20240419;100001;581.8;100;10159918233;S
20240419;100001;581.8;300;10159918362;S
20240419;100001;581.8;300;10159918365;B
20240419;100001;581.45;1;10159918708;S
20240419;100001;581.75;173;10159918736;B
20240419;100001;581.75;1;10159918737;B
20240419;100001;581.75;346;10159918738;B
20240419;100002;581.7;173;10159918860;B
20240419;100002;581.7;127;10159918861;B
20240419;100002;581.65;100;10159918865;B
20240419;100002;581.55;4;10159919046;B
20240419;100002;581.45;1;10159919149;S
20240419;100002;581.5;1;10159919156;B
20240419;100002;581.35;4;10159919176;S
20240419;100002;581.55;3;10159919389;B
20240419;100002;581.35;220;10159919457;S
20240419;100002;581.35;1;10159919526;S
20240419;100002;581.7;190;10159919599;B
20240419;100003;581.45;4;10159919775;B
20240419;100003;581.35;1;10159920021;S
20240419;100003;581.35;9;10159920136;S
20240419;100003;581.45;3;10159920156;S
20240419;100004;581.55;64;10159920180;B
20240419;100004;581.55;1;10159920251;B
20240419;100004;581.4;2;10159920324;S
20240419;100004;581.4;384;10159920413;S
20240419;100004;581.35;65;10159920414;S
20240419;100004;581.35;39;10159920415;S
20240419;100004;581.2;5;10159920416;S
20240419;100004;581.1;7;10159920417;S
20240419;100004;581.35;1;10159920452;S
20240419;100004;581.55;14;10159920460;B
20240419;100004;581.35;2;10159920505;S
20240419;100004;581.55;1;10159920507;B
20240419;100004;581.55;1;10159920508;B
20240419;100004;581.55;1;10159920510;B
20240419;100004;581.55;1;10159920512;B
20240419;100004;581.35;1;10159920514;S
20240419;100004;581.55;2;10159920756;B
20240419;100004;581.35;2;10159920771;S
20240419;100004;581.35;3;10159920774;S
20240419;100004;581.35;1;10159920775;S
20240419;100004;581.35;2;10159920777;S
20240419;100004;581.35;2;10159920778;S
20240419;100004;581.35;2;10159920780;S
20240419;100004;581.35;2;10159920784;S
20240419;100004;581.35;40;10159920794;S
20240419;100004;581.35;2;10159920797;S
20240419;100004;581.35;1;10159920799;S
20240419;100004;581.35;2;10159920800;S
20240419;100004;581.35;40;10159920998;S
20240419;100004;581.35;2;10159921000;S
20240419;100004;581.55;5;10159921005;B
20240419;100004;581.65;3;10159921006;B
20240419;100004;581.75;92;10159921007;B
20240419;100004;581.35;1;10159921009;S
20240419;100004;581.7;3;10159921011;B
20240419;100004;581.7;1;10159921012;B
20240419;100004;581.7;1;10159921013;B
20240419;100004;581.7;10;10159921014;B
20240419;100004;581.35;1;10159921015;S
20240419;100004;581.7;1;10159921130;B
20240419;100004;581.7;1;10159921131;B
20240419;100004;581.35;1;10159921132;S
20240419;100004;581.35;2;10159921133;S
20240419;100004;581.7;4;10159921134;B
20240419;100004;581.7;2;10159921135;B
20240419;100004;581.7;1;10159921136;B
20240419;100004;581.7;2;10159921137;B
20240419;100004;581.35;2;10159921139;S
20240419;100004;581.35;3;10159921144;S
20240419;100005;581.7;8;10159921294;B
20240419;100005;581.8;492;10159921295;B
20240419;100005;581.35;2;10159921335;S
20240419;100005;581.35;1;10159921336;S
20240419;100005;581.75;1;10159921337;B
20240419;100005;581.35;1;10159921338;S
20240419;100005;581.35;1;10159921339;S
20240419;100005;581.75;1;10159921340;B
20240419;100005;581.75;1;10159921341;B
20240419;100005;581.35;1;10159921342;S
20240419;100005;581.35;2;10159921343;S
20240419;100005;581.65;1;10159921627;B
20240419;100005;581.65;1;10159921630;B
20240419;100005;581.35;1;10159921631;S
20240419;100005;581.7;2;10159921633;B
20240419;100005;581.35;1;10159921634;S
20240419;100005;581.35;2;10159921635;S
20240419;100005;581.7;1;10159921703;B
20240419;100005;581.7;10;10159921769;B
20240419;100005;581.7;1;10159921770;B
20240419;100005;581.7;1;10159921773;B
20240419;100005;581.3;8;10159921777;S
20240419;100006;581.55;1;10159922077;B
20240419;100006;581.4;16;10159922078;S
20240419;100006;581.4;1;10159922085;S
20240419;100006;581.55;1;10159922087;B
20240419;100006;581.55;1;10159922090;B
20240419;100006;581.4;2;10159922093;S
20240419;100006;581.55;1;10159922095;B
20240419;100006;581.4;2;10159922099;S
20240419;100006;581.4;1;10159922106;S
20240419;100006;581.45;1;10159922478;B
20240419;100006;581.35;200;10159922486;S
20240419;100006;581.45;1;10159922490;B
20240419;100006;581.45;1;10159922494;B
20240419;100006;581.45;1;10159922499;B
20240419;100006;581.3;3;10159922503;S
20240419;100006;581.45;1;10159922511;B
20240419;100006;581.45;2;10159922517;B
20240419;100006;581.45;1;10159922522;B
20240419;100006;581.3;1;10159922643;S
20240419;100006;581.3;1;10159922646;S
20240419;100006;581.45;4;10159922649;B
20240419;100006;581.45;1;10159922656;B
20240419;100006;581.3;2;10159922664;S
20240419;100006;581.3;16;10159922667;S
20240419;100006;581.3;1;10159922673;S
20240419;100006;581.3;2;10159922677;S
20240419;100006;581.45;2;10159922683;B
20240419;100006;581.45;1;10159922689;B
20240419;100006;581.3;1;10159922896;S
20240419;100006;581.45;2;10159922909;B
20240419;100006;581.3;2;10159922915;S
20240419;100006;581.3;2;10159922920;S
20240419;100006;581.45;1;10159922924;B
20240419;100006;581.45;2;10159922947;B
20240419;100006;581.45;2;10159922949;B
20240419;100006;581.55;2;10159922955;B
20240419;100006;581.55;2;10159922957;B
20240419;100006;581.3;2;10159923041;S
20240419;100006;581.5;1;10159923072;B
20240419;100006;581.3;1;10159923083;S
20240419;100006;581.5;3;10159923084;B
20240419;100006;581.3;1;10159923088;S
20240419;100006;581.3;4;10159923089;S
20240419;100006;581.3;2;10159923093;S
20240419;100006;581.3;2;10159923094;S
20240419;100006;581.5;1;10159923096;B
20240419;100006;581.5;2;10159923098;B
20240419;100006;581.3;1;10159923100;S
20240419;100006;581.3;1;10159923105;S
20240419;100006;581.3;2;10159923108;S
20240419;100006;581.5;1;10159923111;B
20240419;100006;581.3;2;10159923113;S
20240419;100006;581.3;1;10159923115;S
20240419;100006;581.5;1;10159923118;B
20240419;100006;581.3;2;10159923126;S
20240419;100006;581.3;2;10159923127;S
20240419;100006;581.3;1;10159923138;S
20240419;100006;581.3;2;10159923142;S
20240419;100006;581.5;1;10159923153;B
20240419;100007;581.3;2;10159923603;S
20240419;100007;581.3;2;10159923618;S
20240419;100007;581.45;1;10159923632;B
20240419;100007;581.3;2;10159923637;S
20240419;100007;581.45;1;10159923650;B
20240419;100007;581.45;2;10159923667;B
20240419;100007;581.3;2;10159923680;S
20240419;100007;581.3;1;10159923686;S
20240419;100007;581.45;1;10159923691;B
20240419;100007;581.45;3;10159923705;B
20240419;100007;581.45;1;10159923710;B
20240419;100007;581.45;1;10159923714;B
20240419;100007;581.45;1;10159923719;B
20240419;100007;581.45;1;10159923722;B
20240419;100007;581.45;1;10159923732;B
20240419;100007;581.45;1;10159923738;B
20240419;100007;581.45;2;10159923741;B
20240419;100007;581.45;157;10159923749;B
20240419;100007;581.45;188;10159923750;B
20240419;100007;581.2;2;10159923951;S
20240419;100007;581.2;2;10159923956;S
20240419;100007;581.2;2;10159923958;S
20240419;100007;581.4;1;10159923960;B
20240419;100007;581.4;2;10159923962;B
20240419;100007;581.4;1;10159923963;B
20240419;100007;581.4;1;10159923965;B
20240419;100007;581.4;1;10159923966;B
20240419;100007;581.4;1;10159923968;B
20240419;100007;581.2;381;10159923995;S
20240419;100007;581.2;34;10159923996;S
20240419;100007;581.1;336;10159923997;S
20240419;100007;581.15;2;10159924001;S
20240419;100007;581.15;1;10159924004;S
20240419;100007;581.15;1;10159924006;S
20240419;100007;581.4;1;10159924008;B
20240419;100007;581.4;1;10159924011;B
20240419;100007;581.15;2;10159924015;S
20240419;100007;581.4;1;10159924018;B
20240419;100007;581.15;2;10159924021;S
20240419;100007;581.15;2;10159924023;S
20240419;100007;581.4;1;10159924026;B
20240419;100007;581.4;1;10159924030;B
20240419;100007;581.4;4;10159924032;B
20240419;100007;581.4;1;10159924037;B
20240419;100007;581.4;1;10159924039;B
20240419;100007;581.15;3;10159924053;S
20240419;100007;581.5;1;10159924427;B
20240419;100007;581.5;3;10159924428;B
20240419;100007;581.2;2;10159924429;S
20240419;100007;581.5;1;10159924430;B
20240419;100007;581.5;2;10159924431;B
20240419;100007;581.2;1;10159924432;S
20240419;100007;581.2;2;10159924434;S
20240419;100007;581.5;2;10159924591;B
20240419;100007;581.2;1;10159924592;S
20240419;100007;581.5;1;10159924593;B
20240419;100007;581.5;1;10159924594;B
20240419;100007;581.5;2;10159924595;B
20240419;100007;581.2;1;10159924597;S
20240419;100007;581.5;1;10159924598;B
20240419;100007;581.2;8;10159924599;S
20240419;100007;581.2;2;10159924600;S
20240419;100007;581.4;1;10159925119;B
20240419;100007;581.2;2;10159925120;S
20240419;100007;581.4;1;10159925121;B
20240419;100007;581.4;2;10159925122;B
20240419;100007;581.4;1;10159925123;B
20240419;100007;581.4;1;10159925124;B
20240419;100007;581.2;1;10159925125;S
20240419;100007;581.2;2;10159925126;S
20240419;100007;581.2;7;10159925127;S
20240419;100007;581.4;17;10159925128;B
20240419;100007;581.4;2;10159925129;B
20240419;100007;581.4;1;10159925130;B
20240419;100007;581.2;2;10159925131;S
20240419;100007;581.2;1;10159925132;S
20240419;100007;581.4;1;10159925133;B
20240419;100008;581.2;1;10159925273;S
20240419;100008;581.4;7;10159925343;B
20240419;100008;581.45;168;10159925344;B
20240419;100008;581.5;1;10159925368;B
20240419;100008;581.3;2;10159925369;S
20240419;100008;581.5;1;10159925370;B
20240419;100008;581.5;1;10159925371;B
20240419;100008;581.3;1;10159925372;S
20240419;100008;581.3;5;10159925380;S
20240419;100008;581.5;1;10159925381;B
20240419;100008;581.3;2;10159925382;S
20240419;100008;581.5;1;10159925383;B
20240419;100008;581.3;8;10159925384;S
20240419;100008;581.5;1;10159925385;B
20240419;100008;581.5;2;10159925478;B
20240419;100008;581.25;4;10159925648;S
20240419;100008;581.25;2;10159925649;S
20240419;100008;581.25;1;10159925652;S
20240419;100008;581.4;2;10159925653;B
20240419;100008;581.25;2;10159925654;S
20240419;100009;581.25;1;10159925922;S
20240419;100009;581.25;6;10159925923;S
20240419;100009;581.5;1;10159925924;B
20240419;100009;581.5;1;10159925925;B
20240419;100009;581.5;1;10159925927;B
20240419;100009;581.5;2;10159925930;B
20240419;100009;581.25;2;10159925936;S
20240419;100009;581.5;3;10159925937;B
20240419;100009;581.5;20;10159925941;B
20240419;100009;581.5;1;10159925947;B
20240419;100009;581.5;3;10159925948;B
20240419;100009;581.25;6;10159925949;S
20240419;100009;581.5;2;10159925950;B
20240419;100009;581.55;1;10159925952;B
20240419;100010;581.25;1;10159926427;S
20240419;100010;581.35;173;10159926623;B
20240419;100010;581.35;34;10159926624;B
20240419;100010;581.25;5;10159926714;S
20240419;100010;581.25;270;10159926770;S
20240419;100010;581.25;66;10159926771;S
20240419;100012;581.15;15;10159927517;S
20240419;100013;581.45;22;10159927905;B
20240419;100013;581.5;53;10159927906;B
20240419;100014;581.3;2;10159928217;S
20240419;100015;581.2;3;10159928411;S
20240419;100015;581.45;1;10159928511;B
20240419;100015;581.45;1;10159928539;B
20240419;100016;581.4;1;10159928792;B
20240419;100016;581.45;3;10159928793;B
20240419;100016;581.5;173;10159928794;B
20240419;100016;581.5;23;10159928795;B
20240419;100017;581.45;224;10159928838;B
20240419;100017;581.6;276;10159928839;B
20240419;100017;581.5;380;10159928945;B
20240419;100017;581.5;173;10159928946;B
20240419;100017;581.55;176;10159928947;B
20240419;100017;581.6;386;10159928948;B
20240419;100017;581.65;385;10159928949;B
20240419;100017;581.7;2;10159929009;B
20240419;100019;581.45;3;10159929382;S
20240419;100019;581.75;1;10159929776;B
20240419;100022;581.55;1;10159930857;S
20240419;100022;581.55;1;10159930858;S
20240419;100022;581.35;3;10159930937;S
20240419;100023;581.45;3;10159931036;B
20240419;100023;581.5;97;10159931037;B
20240419;100023;581.35;3;10159931138;S
20240419;100023;581.35;3;10159931158;S
20240419;100025;581.3;1;10159931427;S
20240419;100025;581.25;1;10159931428;S
20240419;100025;581.25;34;10159931429;S
20240419;100025;581.2;300;10159931430;S
20240419;100025;581.2;206;10159931431;S
20240419;100025;581.2;386;10159931432;S
20240419;100025;581.15;72;10159931433;S
20240419;100028;581.25;10;10159931982;B
20240419;100028;581.25;163;10159932003;B
20240419;100028;581.25;9;10159932004;B
20240419;100029;581.25;3;10159932129;B
20240419;100029;581.25;1;10159932387;B
20240419;100030;581.2;1;10159932666;S
20240419;100030;581.25;173;10159932680;B
20240419;100030;581.3;227;10159932681;B
20240419;100031;581.35;11;10159932904;B
20240419;100032;581.35;23;10159932932;B
20240419;100032;581.4;377;10159932933;B
20240419;100032;581.4;1;10159932983;B
20240419;100032;581.4;4;10159932989;B
20240419;100032;581.4;4;10159932999;B
20240419;100032;581.4;96;10159933000;B
20240419;100033;581.35;1;10159933329;S
20240419;100034;581.35;15;10159933412;S
20240419;100034;581.45;8;10159933488;B
20240419;100034;581.45;35;10159933530;B
20240419;100035;581.3;34;10159933626;S
20240419;100035;581.25;16;10159933627;S
20240419;100035;581.2;1;10159933628;S
20240419;100035;581.2;173;10159933629;S
20240419;100035;581.15;13;10159933630;S
20240419;100035;581.15;1;10159933631;S
20240419;100035;581.15;1;10159933632;S
20240419;100035;581.15;1;10159933633;S
20240419;100035;581.15;20;10159933634;S
20240419;100035;581.15;40;10159933635;S
20240419;100035;581.3;843;10159933706;B
20240419;100035;581.35;125;10159933744;S
20240419;100036;581.45;1;10159933884;B
20240419;100037;581.3;10;10159934074;S
20240419;100037;581.45;2;10159934098;B
20240419;100037;581.45;9;10159934121;B
20240419;100038;581.45;1;10159934284;B
20240419;100039;581.3;4;10159934491;B
20240419;100042;581.2;155;10159935364;S
20240419;100042;581.2;1;10159935365;S
20240419;100042;581.15;8;10159935366;S
20240419;100042;581.15;186;10159935367;S
20240419;100043;581.25;10;10159935603;B
20240419;100044;581.25;2;10159935639;B
20240419;100045;581.25;1;10159935979;B
20240419;100045;581.25;20;10159935987;B
20240419;100047;581.15;100;10159936246;S
20240419;100047;581.1;36;10159936248;S
20240419;100049;581.1;34;10159936708;B
20240419;100049;581.1;20;10159936751;B
20240419;100051;581.15;5;10159937096;B
20240419;100051;581.15;1;10159937299;B
20240419;100052;581;3;10159937537;S
20240419;100052;581;4;10159937538;S
20240419;100052;581;25;10159937539;S
20240419;100052;581;1;10159937540;S
20240419;100052;581;67;10159937541;S
20240419;100053;581;10;10159937756;S
20240419;100054;581.15;1;10159937934;B
20240419;100054;581.15;5;10159938041;B
20240419;100055;581.15;9;10159938112;B
20240419;100055;581.2;4;10159938113;B
20240419;100055;581.2;169;10159938136;B
20240419;100055;581.25;380;10159938137;B
20240419;100055;581.25;173;10159938138;B
20240419;100055;581.25;50;10159938139;B
20240419;100055;581.3;206;10159938140;B
20240419;100055;581.35;206;10159938141;B
20240419;100055;581.35;504;10159938142;B
20240419;100055;581.4;206;10159938143;B
20240419;100055;581.4;286;10159938144;B
20240419;100055;581.4;900;10159938145;B
20240419;100055;581.4;387;10159938146;B
20240419;100055;581.45;1533;10159938147;B
20240419;100055;581.5;8;10159938235;B
20240419;100056;581.3;34;10159938250;S
20240419;100056;581.3;173;10159938251;S
20240419;100056;581.15;1038;10159938252;S
20240419;100056;581.1;387;10159938253;S
20240419;100056;581.1;206;10159938254;S
20240419;100056;581.05;1;10159938340;B
20240419;100057;581.05;6;10159938462;B
20240419;100057;581.05;1;10159938507;B
20240419;100057;581;1;10159938548;S
20240419;100058;581.05;2;10159938764;B
20240419;100100;581.05;150;10159939194;B
20240419;100100;581.05;181;10159939195;B
20240419;100100;581;27;10159939285;S
20240419;100101;581.05;5;10159939499;B
20240419;100102;581;10;10159939648;S
20240419;100102;581;1;10159939721;S
20240419;100103;581.05;1;10159939811;B
20240419;100103;581;40;10159939844;S
20240419;100104;581.05;6;10159939934;B
20240419;100104;581;1;10159939978;S
20240419;100105;581.05;1;10159940048;B
20240419;100105;581.05;4;10159940056;B
20240419;100105;581.05;5;10159940128;B
20240419;100105;581.05;3;10159940129;B
20240419;100108;581;36;10159940529;S
20240419;100109;581;1;10159940775;S
20240419;100110;581;5;10159940872;S
20240419;100110;581.05;2;10159940953;B
20240419;100111;581.05;3;10159941021;B
20240419;100112;581.05;372;10159941187;B
20240419;100112;581.05;2;10159941188;B
20240419;100112;581.1;142;10159941189;B
20240419;100112;581.05;1;10159941238;B
20240419;100113;581.05;36;10159941314;B
20240419;100113;581.05;2;10159941320;B
20240419;100114;581.05;1;10159941467;B
20240419;100114;581.05;5;10159941477;B
20240419;100114;581.05;1;10159941564;B
20240419;100115;581.05;1;10159941705;B
20240419;100117;581.05;1;10159942333;B
20240419;100118;581;34;10159942827;S
20240419;100119;581.05;332;10159942846;B
20240419;100119;581.05;5;10159942847;B
20240419;100119;581.05;1;10159942848;B
20240419;100119;581.05;1;10159942849;S
20240419;100119;581.1;350;10159942971;B
20240419;100122;581.05;100;10159943600;S
20240419;100124;581.1;25;10159943945;B
20240419;100125;581.1;5;10159944174;B
20240419;100126;581.05;1;10159944227;S
20240419;100126;581.1;1;10159944294;B
20240419;100126;581.05;2;10159944306;S
20240419;100128;581.1;200;10159944598;B
20240419;100130;581.05;2;10159944857;S
20240419;100130;581.05;1;10159944863;S
20240419;100131;581.05;170;10159944979;S
20240419;100131;581.1;18;10159945029;B
20240419;100132;581.05;3;10159945148;S
20240419;100133;581.05;10;10159945360;S
20240419;100134;581.1;6;10159945451;B
20240419;100134;581.1;2;10159945542;B
20240419;100136;581.05;3;10159945769;S
20240419;100137;581.1;3;10159945926;B
20240419;100138;581.05;369;10159946102;S
20240419;100138;581.05;173;10159946103;S
20240419;100138;581.05;1;10159946104;S
20240419;100138;581.05;100;10159946105;S
20240419;100138;581.05;850;10159946106;S
20240419;100138;581.05;40;10159946107;S
20240419;100138;581.05;10;10159946108;S
20240419;100138;581.05;3;10159946109;S
20240419;100138;581.05;12;10159946110;S
20240419;100138;581.05;12;10159946111;S
20240419;100138;581.05;12;10159946112;S
20240419;100138;581.05;12;10159946113;S
20240419;100138;581.05;12;10159946114;S
20240419;100138;581.05;12;10159946115;S
20240419;100138;581.05;5;10159946116;S
20240419;100138;581;167;10159946181;S
20240419;100138;581;1;10159946182;S
20240419;100138;581;290;10159946183;S
20240419;100138;581;542;10159946184;S
20240419;100139;581.1;1;10159946266;B
20240419;100139;581.1;3;10159946378;B
20240419;100141;581.05;9;10159946703;S
20240419;100141;581.05;19;10159946704;S
20240419;100141;581.05;600;10159946724;S
20240419;100141;581.1;1;10159946746;B
20240419;100142;581.1;1;10159946920;B
20240419;100143;581.05;206;10159947049;S
20240419;100143;581.05;206;10159947050;S
20240419;100143;581.05;206;10159947051;S
20240419;100145;581.1;1;10159947360;B
20240419;100147;581.1;2;10159947624;B
20240419;100147;581.1;1;10159947630;B
20240419;100147;581.1;2;10159947675;B
20240419;100148;581.05;3;10159947817;S
20240419;100149;581.1;1;10159948051;B
20240419;100150;581.1;1;10159948226;B
20240419;100153;581.1;500;10159948749;B
20240419;100153;581.05;2;10159948845;S
20240419;100154;581.1;2;10159948939;B
20240419;100155;581.1;200;10159949094;B
20240419;100155;581.1;30;10159949227;B
20240419;100157;581.05;1;10159949419;S
20240419;100157;581.1;3;10159949479;B
20240419;100157;581.05;50;10159949486;S
20240419;100158;581.05;6;10159949677;S
20240419;100158;581.1;29;10159949690;B
20240419;100159;581.1;3;10159949901;B
20240419;100201;581.1;1;10159950254;B
20240419;100202;581.1;10;10159950400;B
20240419;100203;581.05;5;10159950438;S
20240419;100203;581.1;2;10159950439;B
20240419;100205;581.1;1;10159950792;B
20240419;100205;581.05;139;10159950810;S
20240419;100205;581.05;17;10159950811;S
20240419;100205;581.05;173;10159950812;S
20240419;100205;581.05;66;10159950813;S
20240419;100205;581.05;10;10159950814;S
20240419;100205;581.05;5;10159950815;S
20240419;100205;581;90;10159950816;S
20240419;100206;581.1;615;10159950828;B
20240419;100206;581.1;49;10159950829;B
20240419;100206;581.1;1;10159950830;B
20240419;100206;581.1;33;10159950831;B
20240419;100206;581.1;7;10159950832;B
20240419;100206;581.1;35;10159950833;B
20240419;100207;581.15;380;10159951011;S
20240419;100207;581.15;120;10159951012;S
20240419;100212;581.2;34;10159951960;B
20240419;100212;581.2;1;10159951961;B
20240419;100212;581.2;100;10159951962;B
20240419;100212;581.25;67;10159951963;B
20240419;100212;581.3;137;10159951964;B
20240419;100212;581.35;11;10159951965;B
20240419;100212;581.35;173;10159951966;B
20240419;100212;581.4;1000;10159951967;B
20240419;100212;581.4;100;10159951968;B
20240419;100212;581.4;377;10159951969;B
20240419;100214;581.5;10;10159952151;B
20240419;100215;581.4;1;10159952300;S
20240419;100216;581.4;3;10159952454;S
20240419;100216;581.35;47;10159952455;S
20240419;100216;581.35;37;10159952456;S
20240419;100217;581.5;4;10159952534;B
20240419;100217;581.5;1;10159952563;B
20240419;100218;581.4;50;10159952734;S
20240419;100219;581.5;320;10159952773;B
20240419;100219;581.5;7507;10159952774;B
20240419;100219;581.5;68;10159952775;B
20240419;100219;581.5;47;10159952776;B
20240419;100219;581.55;58;10159952777;B
20240419;100221;581.5;64;10159953214;S
20240419;100222;581.55;1;10159953317;B
20240419;100223;581.55;1;10159953439;B
20240419;100224;581.55;2;10159953667;B
20240419;100225;581.5;1;10159953814;S
20240419;100225;581.55;1;10159953841;B
20240419;100226;581.55;3;10159953899;B
20240419;100226;581.55;3;10159953901;B
20240419;100226;581.55;1;10159953973;B
20240419;100227;581.5;3;10159954116;S
20240419;100227;581.55;1;10159954126;B
20240419;100228;581.55;4;10159954260;B
20240419;100229;581.55;92;10159954319;B
20240419;100229;581.55;1;10159954341;B
20240419;100230;581.5;4;10159954453;S
20240419;100234;581.5;5;10159955119;S
20240419;100235;581.55;2;10159955285;B
20240419;100236;581.55;1;10159955466;B
20240419;100237;581.55;5;10159955474;B
20240419;100237;581.55;1;10159955503;B
20240419;100237;581.55;62;10159955506;B
20240419;100238;581.55;1;10159955805;B
20240419;100239;581.5;4;10159955833;S
20240419;100239;581.55;1;10159955885;B
20240419;100239;581.5;40;10159955926;S
20240419;100241;581.55;3;10159956116;B
20240419;100242;581.55;1;10159956263;B
20240419;100242;581.55;2;10159956283;B
20240419;100242;581.55;200;10159956285;B
20240419;100243;581.55;2;10159956517;B
20240419;100243;581.55;1;10159956523;B
20240419;100243;581.55;1;10159956561;B
20240419;100244;581.55;50;10159956581;B
20240419;100244;581.55;3;10159956699;B
20240419;100246;581.5;1;10159956969;S
20240419;100246;581.55;1;10159956971;B
20240419;100247;581.55;493;10159957115;B
20240419;100247;581.55;416;10159957116;B
20240419;100247;581.55;3;10159957117;B
20240419;100247;581.55;5;10159957118;B
20240419;100247;581.6;89;10159957119;B
20240419;100247;581.65;173;10159957120;B
20240419;100247;581.75;1;10159957131;S
20240419;100247;581.8;100;10159957187;B
20240419;100247;581.8;1;10159957199;B
20240419;100247;581.8;2;10159957228;B
20240419;100249;581.8;1;10159957604;B
20240419;100251;581.8;1;10159957951;B
20240419;100252;581.8;1;10159958074;B
20240419;100252;581.8;10;10159958131;B
20240419;100252;581.8;1;10159958132;B
20240419;100252;581.8;1;10159958133;B
20240419;100252;581.85;5;10159958134;B
20240419;100252;581.85;483;10159958135;B
20240419;100253;581.85;1;10159958351;B
20240419;100254;581.85;5;10159958407;B
20240419;100254;581.8;1;10159958411;S
20240419;100254;581.8;1;10159958443;S
20240419;100258;581.8;173;10159958957;S
20240419;100258;581.8;165;10159958958;S
20240419;100258;581.85;10;10159958990;B
20240419;100258;581.8;1;10159959061;S
20240419;100259;581.8;2;10159959219;S
20240419;100301;581.85;2;10159959552;B
20240419;100301;581.8;2;10159959560;S
20240419;100301;581.8;8;10159959561;S
20240419;100302;581.85;5;10159959700;B
20240419;100302;581.85;1;10159959731;B
20240419;100302;581.85;1;10159959780;B
20240419;100303;581.85;11;10159959888;B
20240419;100304;581.85;1;10159959993;B
20240419;100305;581.85;30;10159960135;B
20240419;100305;581.85;19;10159960149;B
20240419;100306;581.85;4;10159960408;B
20240419;100307;581.8;1;10159960420;S
20240419;100307;581.8;164;10159960427;S
20240419;100307;581.8;173;10159960428;S
20240419;100307;581.75;380;10159960429;S
20240419;100307;581.75;94;10159960430;S
20240419;100307;581.75;1;10159960431;S
20240419;100307;581.75;428;10159960432;S
20240419;100309;581.85;1;10159960768;B
20240419;100310;581.85;16;10159960874;B
20240419;100311;581.85;410;10159960982;B
20240419;100311;581.85;1;10159960983;B
20240419;100311;581.85;93;10159960984;B
20240419;100311;581.9;496;10159960985;B
20240419;100311;581.9;4;10159960994;B
20240419;100311;581.9;46;10159960995;B
20240419;100312;581.9;1;10159961133;B
20240419;100312;581.85;63;10159961174;S
20240419;100313;581.85;1;10159961301;B
20240419;100314;581.8;5;10159961375;S
20240419;100316;581.85;2;10159961736;B
20240419;100316;581.8;2;10159961741;S
20240419;100319;581.85;343;10159962324;B
20240419;100319;581.85;92;10159962325;B
20240419;100319;581.85;386;10159962326;B
20240419;100319;581.85;173;10159962327;B
20240419;100320;581.95;1;10159962428;B
20240419;100320;581.95;1;10159962429;B
20240419;100320;581.95;82;10159962430;B
20240419;100321;581.9;1;10159962555;S
20240419;100321;581.95;2;10159962634;B
20240419;100322;581.95;200;10159962684;B
20240419;100322;582;7;10159962685;B
20240419;100322;582;1;10159962686;B
20240419;100322;582;27;10159962687;B
20240419;100322;582;4;10159962688;B
20240419;100322;582;9;10159962689;B
20240419;100322;582;91;10159962690;B
20240419;100322;582;386;10159962691;B
20240419;100322;582.05;4;10159962692;B
20240419;100322;582.05;8;10159962693;B
20240419;100322;582.05;380;10159962694;B
20240419;100322;582.05;173;10159962695;B
20240419;100322;582.1;4;10159962696;B
20240419;100322;582.1;25;10159962697;B
20240419;100322;582.1;10;10159962698;B
20240419;100322;582.1;1;10159962699;B
20240419;100322;582.15;4;10159962700;B
20240419;100322;582.15;2;10159962701;B
20240419;100322;582.15;164;10159962702;B
20240419;100322;581.95;48;10159962703;S
20240419;100322;582.1;11;10159962734;B
20240419;100322;581.95;1;10159962739;S
20240419;100322;582.05;208;10159962740;B
20240419;100322;582.1;92;10159962741;B
20240419;100322;582;1;10159962774;B
20240419;100322;582;1;10159962776;B
20240419;100322;582;1;10159962777;B
20240419;100322;581.85;6;10159962800;S
20240419;100322;581.85;17;10159962801;S
20240419;100323;581.9;1;10159962911;B
20240419;100324;581.9;1;10159963032;B
20240419;100325;581.9;5;10159963270;B
20240419;100325;581.95;1;10159963320;B
20240419;100325;581.85;1;10159963352;S
20240419;100325;581.8;93;10159963353;S
20240419;100325;581.8;6;10159963354;S
20240419;100327;581.85;154;10159963573;B
20240419;100328;581.85;3;10159963776;S
20240419;100328;581.85;170;10159963828;S
20240419;100329;581.85;1;10159963968;S
20240419;100329;581.9;29;10159964005;B
20240419;100331;581.9;2;10159964321;B
20240419;100331;581.85;1;10159964388;S
20240419;100332;581.85;2;10159964578;S
20240419;100333;581.85;669;10159964640;S
20240419;100333;581.8;7;10159964641;S
20240419;100333;581.8;1;10159964642;S
20240419;100333;581.8;110;10159964643;S
20240419;100333;581.8;1;10159964644;S
20240419;100333;581.75;72;10159964655;S
20240419;100333;581.75;150;10159964656;S
20240419;100333;581.7;100;10159964657;S
20240419;100333;581.7;100;10159964658;S
20240419;100334;581.65;85;10159964767;B
20240419;100334;581.65;15;10159964768;B
20240419;100334;581.6;1;10159964830;S
20240419;100334;581.5;2;10159964831;S
20240419;100334;581.5;1;10159964835;S
20240419;100335;581.65;2;10159964948;B
20240419;100335;581.5;738;10159964997;S
20240419;100336;581.55;2;10159965096;B
20240419;100336;581.6;2;10159965097;B
20240419;100336;581.6;173;10159965098;B
20240419;100336;581.65;46;10159965099;B
20240419;100336;581.65;173;10159965100;B
20240419;100336;581.7;4;10159965101;B
20240419;100336;581.6;16;10159965133;B
20240419;100337;581.55;52;10159965291;S
20240419;100337;581.5;48;10159965292;S
20240419;100338;581.5;1;10159965418;S
20240419;100338;581.6;3;10159965556;B
20240419;100339;581.5;1;10159965667;S
20240419;100340;581.5;155;10159965701;S
20240419;100340;581.5;45;10159965702;S
20240419;100340;581.55;3;10159965729;B
20240419;100340;581.5;18;10159965856;S
20240419;100342;581.55;2;10159966003;B
20240419;100343;581.55;1;10159966159;B
20240419;100343;581.55;4;10159966165;B
20240419;100343;581.6;7;10159966166;B
20240419;100343;581.65;10;10159966167;B
20240419;100343;581.65;52;10159966168;B
20240419;100343;581.65;81;10159966169;B
20240419;100344;581.85;10;10159966211;B
20240419;100345;581.8;2;10159966365;B
20240419;100345;581.8;2;10159966452;B
20240419;100345;581.7;11;10159966495;S
20240419;100346;581.7;762;10159966596;S
20240419;100346;581.8;5;10159966633;B
20240419;100346;581.7;15;10159966642;S
20240419;100346;581.8;6;10159966650;B
20240419;100348;581.8;10;10159966935;B
20240419;100348;581.8;1;10159966974;B
20240419;100350;581.8;70;10159967221;B
20240419;100350;581.85;30;10159967222;B
20240419;100350;581.75;47;10159967317;S
20240419;100351;581.75;1;10159967519;B
20240419;100352;581.7;200;10159967636;S
20240419;100353;581.75;3;10159967884;B
20240419;100353;581.75;1;10159967885;B
20240419;100353;581.75;50;10159967930;B
20240419;100355;581.75;6;10159968287;B
20240419;100356;581.7;1;10159968414;S
20240419;100357;581.75;1;10159968474;B
20240419;100358;581.7;170;10159968643;S
20240419;100359;581.75;1;10159968792;B
20240419;100359;581.7;50;10159968851;S
20240419;100359;581.75;5;10159968852;B
20240419;100400;581.75;1;10159969020;B
20240419;100402;581.75;1;10159969299;B
20240419;100403;581.7;33;10159969354;S
20240419;100403;581.75;2;10159969446;B
20240419;100405;581.75;1;10159969824;B
20240419;100406;581.7;1;10159969890;S
20240419;100407;581.75;1;10159969998;B
20240419;100408;581.75;3;10159970131;B
20240419;100408;581.75;8;10159970149;B
20240419;100408;581.7;4;10159970165;S
20240419;100409;581.75;258;10159970225;B
20240419;100410;581.7;1000;10159970384;S
20240419;100412;581.7;1;10159970637;S
20240419;100413;581.7;300;10159970825;S
20240419;100413;581.75;3;10159970891;B
20240419;100416;581.75;3;10159971256;B
20240419;100417;581.75;261;10159971391;B
20240419;100418;581.75;3;10159971576;B
20240419;100419;581.75;1;10159971623;B
20240419;100420;581.75;2;10159971724;B
20240419;100421;581.75;12;10159971850;B
20240419;100421;581.75;1;10159971867;B
20240419;100421;581.7;1;10159971870;S
20240419;100421;581.75;1;10159971885;B
20240419;100422;581.7;2;10159972033;S
20240419;100422;581.7;1;10159972083;S
20240419;100423;581.75;1;10159972200;B
20240419;100424;581.7;800;10159972272;S
20240419;100426;581.75;10;10159972575;B
20240419;100426;581.75;1;10159972579;B
20240419;100426;581.75;1;10159972681;B
20240419;100428;581.75;1;10159972983;B
20240419;100429;581.75;4;10159973094;B
20240419;100429;581.7;1;10159973126;S
20240419;100430;581.75;1;10159973140;B
20240419;100430;581.7;100;10159973164;S
20240419;100431;581.75;2;10159973291;B
20240419;100432;581.75;31;10159973397;B
20240419;100432;581.7;440;10159973422;S
20240419;100433;581.75;29;10159973582;B
20240419;100433;581.75;1;10159973628;B
20240419;100435;581.7;310;10159974021;S
20240419;100437;581.7;1;10159974332;S
20240419;100441;581.7;1;10159974728;S
20240419;100442;581.7;1;10159974879;S
20240419;100444;581.7;76;10159975145;S
20240419;100445;581.75;3;10159975231;B
20240419;100445;581.7;1;10159975288;S
20240419;100446;581.7;100;10159975445;S
20240419;100448;581.75;10;10159975673;B
20240419;100449;581.75;3;10159975780;B
20240419;100450;581.75;2;10159976028;B
20240419;100451;581.7;2;10159976178;S
20240419;100451;581.75;5;10159976223;B
20240419;100454;581.75;5;10159976559;B
20240419;100455;581.7;150;10159976655;S
20240419;100456;581.75;1;10159976717;B
20240419;100458;581.75;1712;10159977013;B
20240419;100458;581.75;235;10159977014;B
20240419;100458;581.75;1;10159977015;B
20240419;100458;581.75;1;10159977016;B
20240419;100458;581.75;58;10159977017;B
20240419;100458;581.75;173;10159977018;B
20240419;100458;581.75;206;10159977019;B
20240419;100458;581.75;380;10159977020;B
20240419;100458;581.75;60;10159977021;B
20240419;100458;581.75;100;10159977022;B
20240419;100458;581.8;92;10159977023;B
20240419;100458;581.8;2;10159977024;B
20240419;100458;581.8;5;10159977025;B
20240419;100458;581.8;206;10159977026;B
20240419;100458;581.85;47;10159977027;B
20240419;100458;581.85;70;10159977028;B
20240419;100458;581.85;206;10159977029;B
20240419;100458;581.9;700;10159977030;B
20240419;100458;581.95;746;10159977031;B
20240419;100459;581.7;312;10159977153;S
20240419;100459;581.7;150;10159977154;S
20240419;100459;581.7;200;10159977155;S
20240419;100459;581.7;7;10159977156;S
20240419;100459;581.7;52;10159977157;S
20240419;100459;581.7;83;10159977158;S
20240419;100459;581.7;500;10159977159;S
20240419;100459;581.7;173;10159977160;S
20240419;100459;581.65;200;10159977161;S
20240419;100459;581.65;38;10159977162;S
20240419;100459;581.6;40;10159977164;S
20240419;100459;581.6;11;10159977165;S
20240419;100459;581.6;1;10159977214;S
20240419;100500;581.6;5;10159977224;S
20240419;100500;581.6;2;10159977270;S
20240419;100500;581.6;2;10159977296;S
20240419;100500;581.6;7;10159977300;S
20240419;100500;581.6;11;10159977323;S
20240419;100500;581.6;1;10159977366;S
20240419;100501;581.55;3;10159977478;B
20240419;100504;581.55;5;10159977954;B
20240419;100505;581.55;4;10159978099;B
20240419;100506;581.5;37;10159978199;S
20240419;100506;581.5;1;10159978200;S
20240419;100506;581.5;50;10159978201;S
20240419;100506;581.5;1;10159978202;S
20240419;100506;581.5;24;10159978203;S
20240419;100506;581.5;10;10159978204;S
20240419;100506;581.5;5;10159978205;S
20240419;100506;581.5;50;10159978206;S
20240419;100506;581.5;1;10159978207;S
20240419;100506;581.5;1;10159978208;S
20240419;100506;581.5;3;10159978209;S
20240419;100506;581.5;2;10159978210;S
20240419;100506;581.5;1;10159978211;S
20240419;100506;581.5;60;10159978212;S
20240419;100506;581.5;50;10159978213;S
20240419;100506;581.5;1;10159978214;S
20240419;100506;581.5;10;10159978215;S
20240419;100506;581.5;1;10159978216;S
20240419;100506;581.5;1;10159978217;S
20240419;100509;581.5;5;10159978804;B
20240419;100510;581.5;3;10159978867;B
20240419;100510;581.5;1;10159978981;B
20240419;100511;581.5;1;10159979004;B
20240419;100511;581.5;4;10159979099;B
20240419;100511;581.45;300;10159979118;S
20240419;100511;581.4;1;10159979136;S
20240419;100511;581.3;1;10159979137;S
20240419;100513;581.35;4;10159979499;B
20240419;100516;581.35;6;10159980003;B
20240419;100516;581.3;1;10159980037;S
20240419;100517;581.35;2;10159980178;B
20240419;100519;581.45;5;10159980507;B
20240419;100520;581.4;1;10159980692;B
20240419;100520;581.35;2;10159980780;S
20240419;100521;581.35;4;10159980852;S
20240419;100521;581.35;2;10159980900;S
20240419;100522;581.4;2;10159981084;B
20240419;100522;581.4;1;10159981194;B
20240419;100523;581.35;292;10159981478;S
20240419;100524;581.25;4;10159981500;S
20240419;100525;581.3;1;10159981720;B
20240419;100526;581.25;5;10159981877;S
20240419;100527;581.25;2;10159981943;S
20240419;100527;581.3;5;10159981956;B
20240419;100527;581.2;1;10159981980;S
20240419;100527;581.2;1;10159981981;S
20240419;100527;581.3;10;10159982003;B
20240419;100529;581.25;1;10159982274;B
20240419;100530;581.25;1;10159982372;B
20240419;100531;581.25;5;10159982438;B
20240419;100531;581.25;3;10159982441;B
20240419;100531;581.2;99;10159982537;S
20240419;100531;581.15;1;10159982538;S
20240419;100531;581.15;300;10159982539;S
20240419;100531;581.15;120;10159982540;S
20240419;100531;581.15;387;10159982541;S
20240419;100533;581.15;76;10159982735;B
20240419;100533;581.1;1;10159982801;S
20240419;100534;581.15;4;10159982999;B
20240419;100535;581.15;2;10159983125;B
20240419;100536;581.15;1;10159983159;B
20240419;100539;581.15;1;10159983804;B
20240419;100539;581.1;2;10159983824;S
20240419;100540;581.15;9;10159983960;B
20240419;100540;581.15;10;10159983961;B
20240419;100540;581.15;1;10159983962;B
20240419;100541;581.15;1;10159984072;B
20240419;100542;581.15;3;10159984224;B
20240419;100542;581.15;197;10159984255;S
20240419;100542;581.15;53;10159984256;S
20240419;100544;581.2;1;10159984596;B
20240419;100546;581.2;1;10159984784;B
20240419;100546;581.15;1;10159984793;S
20240419;100546;581.15;1;10159984899;S
20240419;100547;581.2;1;10159984952;B
20240419;100547;581.15;385;10159984953;S
20240419;100547;581.15;173;10159984954;S
20240419;100547;581.15;4;10159984955;S
20240419;100547;581.15;95;10159984956;S
20240419;100549;581.1;10;10159985310;S
20240419;100550;581.1;10;10159985622;S
20240419;100551;581.15;1;10159985686;B
20240419;100551;581.1;1;10159985740;S
20240419;100553;581.15;1;10159985983;B
20240419;100554;581.15;5;10159986099;B
20240419;100555;581.1;10;10159986224;S
20240419;100555;581.15;1;10159986263;B
20240419;100555;581.15;1;10159986319;B
20240419;100556;581.15;1;10159986335;B
20240419;100556;581.1;226;10159986413;S
20240419;100556;581.1;2;10159986414;S
20240419;100556;581.1;2;10159986415;S
20240419;100556;581.1;4;10159986416;S
20240419;100556;581.1;1;10159986417;S
20240419;100556;581.05;6;10159986418;S
20240419;100556;581.05;300;10159986419;S
20240419;100556;581.05;116;10159986420;S
20240419;100556;581;20;10159986421;S
20240419;100556;581;1;10159986422;S
20240419;100556;581;30;10159986423;S
20240419;100556;581;1;10159986424;S
20240419;100556;581;3;10159986425;S
20240419;100556;581;100;10159986426;S
20240419;100556;581;10;10159986427;S
20240419;100556;581;3;10159986428;S
20240419;100556;581;1;10159986429;S
20240419;100556;581;7;10159986430;S
20240419;100556;581;3;10159986431;S
20240419;100556;581;2;10159986432;S
20240419;100556;581;2;10159986433;S
20240419;100556;580.95;200;10159986434;S
20240419;100557;581;2;10159986600;B
20240419;100557;581;1;10159986629;B
20240419;100600;580.95;1;10159987268;S
20240419;100601;580.95;4;10159987448;S
20240419;100601;580.95;6;10159987449;S
20240419;100602;580.95;10;10159987670;S
20240419;100603;581;1;10159987799;B
20240419;100603;581;115;10159987802;B
20240419;100603;581;75;10159987803;B
20240419;100604;581;3;10159987895;B
20240419;100604;581;1;10159988112;B
20240419;100606;580.95;2;10159988303;S
20240419;100606;580.95;22;10159988402;S
20240419;100607;581;4;10159988434;B
20240419;100607;581;167;10159988461;B
20240419;100607;581;119;10159988462;B
20240419;100607;581.1;33;10159988463;B
20240419;100607;581.1;173;10159988464;B
20240419;100607;581.15;333;10159988465;B
20240419;100607;581.15;1;10159988466;B
20240419;100607;581.15;26;10159988467;B
20240419;100607;581.15;30;10159988468;B
20240419;100607;581.2;330;10159988469;B
20240419;100607;581.25;35;10159988470;B
20240419;100607;581.25;350;10159988471;B
20240419;100607;581.3;196;10159988472;B
20240419;100607;581.3;137;10159988473;B
20240419;100608;581.35;100;10159988678;B
20240419;100608;581.4;1;10159988705;B
20240419;100609;581.45;5;10159988720;B
20240419;100609;581.45;200;10159988721;B
20240419;100609;581.45;55;10159988722;B
20240419;100609;581.45;1;10159988723;B
20240419;100609;581.45;116;10159988724;B
20240419;100609;581.45;297;10159988725;B
20240419;100611;581.35;1;10159989034;B
20240419;100611;581.35;1;10159989205;B
20240419;100613;581.35;1;10159989502;B
20240419;100615;581.3;114;10159989860;S
20240419;100615;581.2;6;10159989861;S
20240419;100615;581.2;38;10159989862;S
20240419;100615;581.2;142;10159989863;S
20240419;100616;581.2;18;10159989920;S
20240419;100616;581.2;1;10159989929;S
20240419;100617;581.35;7;10159990311;B
20240419;100619;581.45;380;10159990611;B
20240419;100619;581.45;112;10159990612;B
20240419;100620;581.5;281;10159990908;B
20240419;100620;581.5;1;10159991006;B
20240419;100622;581.5;1;10159991283;B
20240419;100622;581.5;4;10159991482;B
20240419;100623;581.35;2;10159991584;S
20240419;100624;581.35;1;10159991704;S
20240419;100624;581.4;10;10159991717;B
20240419;100624;581.5;10;10159991718;B
20240419;100625;581.35;1;10159991897;S
20240419;100625;581.3;173;10159991898;S
20240419;100625;581.3;8;10159991899;S
20240419;100630;581.4;35;10159992657;B
20240419;100630;581.4;106;10159992658;B
20240419;100631;581.5;203;10159992787;B
20240419;100631;581.5;90;10159992788;B
20240419;100631;581.5;105;10159992789;B
20240419;100631;581.5;36;10159992790;B
20240419;100632;581.45;2;10159992909;S
20240419;100634;581.45;8;10159993238;B
20240419;100634;581.5;34;10159993239;B
20240419;100634;581.5;58;10159993240;B
20240419;100634;581.5;2;10159993285;B
20240419;100636;581.5;21;10159993651;B
20240419;100636;581.4;1;10159993712;S
20240419;100636;581.4;102;10159993713;S
20240419;100636;581.3;50;10159993754;S
20240419;100638;581.3;2;10159993906;S
20240419;100638;581.3;8;10159994046;S
20240419;100638;581.3;5;10159994047;S
20240419;100638;581.15;37;10159994048;S
20240419;100638;581.15;5;10159994049;S
20240419;100638;581.15;7;10159994050;S
20240419;100638;581.3;30;10159994152;B
20240419;100641;581.3;1;10159994543;B
20240419;100644;581.3;1;10159994877;B
20240419;100644;581.3;2;10159994965;B
20240419;100645;581.3;3;10159995052;B
20240419;100645;581.3;2;10159995053;B
20240419;100646;581.35;77;10159995167;B
20240419;100646;581.35;3;10159995168;B
20240419;100646;581.35;70;10159995169;B
20240419;100646;581.35;2;10159995209;B
20240419;100651;581.3;1;10159996330;S
20240419;100651;581.3;2;10159996395;S
20240419;100651;581.25;5;10159996396;S
20240419;100651;581.25;96;10159996397;S
20240419;100651;581.25;161;10159996398;S
20240419;100654;581.35;1;10159996985;B
20240419;100655;581.35;1;10159997086;B
20240419;100657;581.3;4;10159997404;S
20240419;100659;581.35;18;10159997866;B
20240419;100659;581.35;76;10159997867;B
20240419;100659;581.4;1;10159997868;B
20240419;100659;581.45;95;10159997869;B
20240419;100659;581.45;173;10159997870;B
20240419;100659;581.45;137;10159997871;B
20240419;100659;581.45;30;10159997993;B
20240419;100702;581.45;15;10159998506;B
20240419;100706;581.4;10;10159999392;B
20240419;100708;581.4;2;10159999670;B
20240419;100708;581.3;1;10159999683;S
20240419;100708;581.3;1;10159999684;S
20240419;100711;581.4;2;10160000487;B
20240419;100711;581.4;1;10160000562;B
20240419;100712;581.4;1;10160000684;B
20240419;100715;581.3;1;10160001120;S
20240419;100717;581.3;5;10160001497;S
20240419;100718;581.3;1;10160001605;S
20240419;100718;581.35;10;10160001633;B
20240419;100721;581.35;3;10160001909;B
20240419;100726;581.3;7;10160002812;S
20240419;100727;581.35;1;10160002896;B
20240419;100727;581.35;1;10160002923;B
20240419;100727;581.3;8;10160002934;S
20240419;100730;581.3;9;10160003405;S
20240419;100730;581.3;5;10160003406;S
20240419;100730;581.25;34;10160003407;S
20240419;100730;581.25;2;10160003408;S
20240419;100731;581.3;120;10160003613;B
20240419;100732;581.3;11;10160003661;B
20240419;100732;581.2;1;10160003691;S
20240419;100732;581.2;34;10160003692;S
20240419;100733;581.3;1;10160003721;B
20240419;100734;581.25;1;10160003993;B
20240419;100734;581.25;1;10160004010;B
20240419;100735;581.25;98;10160004119;B
20240419;100735;581.25;152;10160004120;B
20240419;100738;581.2;1;10160004462;S
20240419;100738;581.2;2;10160004517;S
20240419;100739;581.2;12;10160004621;S
20240419;100740;581.25;100;10160004819;B
20240419;100740;581.25;100;10160004820;B
20240419;100740;581.3;1;10160004860;B
20240419;100741;581.3;1;10160004987;B
20240419;100744;581.3;70;10160005315;B
20240419;100744;581.3;3;10160005345;B
20240419;100746;581.3;5;10160005656;B
20240419;100746;581.25;2;10160005705;S
20240419;100746;581.2;11;10160005706;S
20240419;100750;581.2;5;10160006233;S
20240419;100751;581.3;1;10160006307;B
20240419;100752;581.25;1;10160006419;S
20240419;100753;581.3;5;10160006559;B
20240419;100755;581.25;99;10160006816;S
20240419;100755;581.25;90;10160006817;S
20240419;100755;581.25;5;10160006847;B
20240419;100757;581.2;11;10160007179;S
20240419;100759;581.25;1;10160007436;B
20240419;100800;581.25;5;10160007519;B
20240419;100800;581.3;15;10160007520;B
20240419;100801;581.25;70;10160007783;S
20240419;100801;581.2;24;10160007784;S
20240419;100801;581.2;10;10160007785;S
20240419;100801;581.2;20;10160007786;S
20240419;100801;581.2;2;10160007787;S
20240419;100801;581.15;2;10160007788;S
20240419;100801;581.15;72;10160007789;S
20240419;100801;581.25;1;10160007830;B
20240419;100801;581.25;30;10160007835;B
20240419;100803;581.3;10;10160008221;B
20240419;100804;581.3;100;10160008470;B
20240419;100804;581.25;2;10160008577;B
20240419;100805;581.25;5;10160008596;B
20240419;100805;581.25;250;10160008629;B
20240419;100805;581.25;5;10160008801;B
20240419;100805;581.25;1;10160008802;B
20240419;100805;581.3;1;10160008803;B
20240419;100805;581.3;23;10160008804;B
20240419;100808;581.2;1;10160009105;S
20240419;100808;581.15;4;10160009106;S
20240419;100808;581.25;2;10160009162;B
20240419;100809;581.15;10;10160009346;S
20240419;100809;581.1;100;10160009347;S
20240419;100809;581.1;173;10160009348;S
20240419;100809;581.1;5;10160009349;S
20240419;100809;581.05;62;10160009350;S
20240419;100809;581.05;100;10160009351;S
20240419;100809;581.05;100;10160009352;S
20240419;100809;581.05;38;10160009354;S
20240419;100809;581.05;5;10160009355;S
20240419;100809;581.05;34;10160009356;S
20240419;100809;581.05;23;10160009357;S
20240419;100813;581.2;1;10160009863;B
20240419;100814;581.05;44;10160009888;S
20240419;100816;581.2;1;10160010408;B
20240419;100821;581.05;5;10160011044;S
20240419;100822;581.2;14;10160011166;B
20240419;100824;581.05;199;10160011382;S
20240419;100824;581.2;10;10160011434;B
20240419;100824;581.2;20;10160011435;B
20240419;100827;581.05;5;10160011745;S
20240419;100829;581.15;20;10160012168;S
20240419;100830;581.25;44;10160012261;S
20240419;100833;581.3;1;10160012547;B
20240419;100833;581.25;2;10160012558;S
20240419;100834;581.2;4;10160012827;S
20240419;100834;581.2;1;10160012828;S
20240419;100834;581.15;4;10160012829;S
20240419;100835;581.25;40;10160012878;B
20240419;100835;581.3;210;10160012879;B
20240419;100839;581.25;1;10160013396;S
20240419;100840;581.25;77;10160013479;S
20240419;100840;581.25;3;10160013559;S
20240419;100843;581.3;3;10160013854;B
20240419;100843;581.3;1;10160013861;B
20240419;100844;581.3;1;10160014008;B
20240419;100845;581.3;11;10160014084;B
20240419;100845;581.3;20;10160014085;B
20240419;100845;581.3;42;10160014086;B
20240419;100846;581.3;2;10160014276;B
20240419;100848;581.3;11;10160014460;B
20240419;100849;581.3;1;10160014762;B
20240419;100850;581.3;1;10160014891;B
20240419;100851;581.3;6;10160014935;B
20240419;100852;581.25;2;10160015104;S
20240419;100852;581.25;1;10160015152;S
20240419;100853;581.3;5;10160015286;B
20240419;100854;581.3;5;10160015443;B
20240419;100856;581.25;9;10160015616;S
20240419;100902;581.3;1;10160016481;B
20240419;100905;581.3;5;10160016759;B
20240419;100905;581.3;2;10160016760;B
20240419;100905;581.3;10;10160016761;B
20240419;100905;581.3;15;10160016762;B
20240419;100905;581.35;34;10160016763;B
20240419;100905;581.35;1;10160016764;B
20240419;100905;581.4;50;10160016765;B
20240419;100905;581.4;60;10160016766;B
20240419;100905;581.4;10;10160016767;B
20240419;100905;581.4;63;10160016768;B
20240419;100905;581.3;4;10160016784;S
20240419;100905;581.4;1;10160016788;B
20240419;100905;581.45;10;10160016789;B
20240419;100905;581.45;100;10160016790;B
20240419;100905;581.45;2;10160016791;B
20240419;100905;581.5;2;10160016792;B
20240419;100905;581.5;82;10160016793;B
20240419;100905;581.55;15;10160016794;B
20240419;100905;581.55;48;10160016795;B
20240419;100909;581.6;1;10160017176;B
20240419;100914;581.35;5;10160017755;S
20240419;100914;581.55;1;10160017820;B
20240419;100916;581.4;87;10160018124;S
20240419;100916;581.55;4;10160018160;B
20240419;100916;581.55;8;10160018161;B
20240419;100917;581.4;173;10160018172;S
20240419;100917;581.35;29;10160018173;S
20240419;100917;581.35;100;10160018174;S
20240419;100917;581.35;82;10160018175;S
20240419;100917;581.3;380;10160018176;S
20240419;100917;581.3;4;10160018177;S
20240419;100917;581.3;173;10160018178;S
20240419;100917;581.3;2;10160018179;S
20240419;100917;581.25;57;10160018180;S
20240419;100921;581.3;5;10160018808;S
20240419;100922;581.45;1;10160018861;B
20240419;100926;581.3;1;10160019452;S
20240419;100927;581.45;1;10160019626;B
20240419;100928;581.45;5;10160019675;B
20240419;100931;581.4;173;10160020089;S
20240419;100931;581.35;6;10160020090;S
20240419;100931;581.35;386;10160020091;S
20240419;100931;581.3;81;10160020092;S
20240419;100931;581.25;34;10160020093;S
20240419;100931;581.25;9;10160020094;S
20240419;100935;581.4;23;10160020562;B
20240419;100935;581.4;80;10160020563;B
20240419;100935;581.45;148;10160020564;B
20240419;100936;581.4;1;10160020710;B
20240419;100941;581.25;10;10160021411;S
20240419;100945;581.35;20;10160022021;S
20240419;100946;581.35;6;10160022110;B
20240419;100947;581.3;1;10160022297;S
20240419;100950;581.35;2;10160022622;B
20240419;100953;581.35;1;10160023350;B
20240419;100954;581.35;3;10160023619;B
20240419;100957;581.35;2;10160023966;B
20240419;100958;581.35;1;10160024095;B
20240419;100958;581.35;1;10160024229;B
20240419;101005;581.3;173;10160025307;B
20240419;101005;581.35;59;10160025308;B
20240419;101005;581.35;18;10160025309;B
20240419;101007;581.3;1;10160025615;B
20240419;101008;581.3;3;10160025769;B
20240419;101009;581.3;1;10160025887;B
20240419;101009;581.25;1;10160025906;S
20240419;101010;581.3;1;10160026012;B
20240419;101011;581.25;1;10160026267;S
20240419;101013;581.3;1;10160026589;B
20240419;101013;581.25;1;10160026649;S
20240419;101014;581.25;28;10160026720;S
20240419;101014;581.25;1;10160026721;S
20240419;101014;581.25;10;10160026722;S
20240419;101014;581.25;10;10160026723;S
20240419;101014;581.25;50;10160026724;S
20240419;101014;581.25;76;10160026725;S
20240419;101014;581.25;1;10160026726;S
20240419;101014;581.25;1;10160026727;S
20240419;101014;581.25;8;10160026728;S
20240419;101014;581.2;1;10160026729;S
20240419;101014;581.2;16;10160026730;S
20240419;101014;581.2;51;10160026731;S
20240419;101014;581.15;34;10160026732;S
20240419;101014;581.15;173;10160026733;S
20240419;101014;581.1;168;10160026734;S
20240419;101014;581.2;1;10160026744;S
20240419;101014;581.2;1;10160026745;S
20240419;101017;581.25;5;10160027161;B
20240419;101020;581.2;8;10160027645;S
20240419;101020;581.2;3;10160027680;S
20240419;101020;581.2;1;10160027698;S
20240419;101022;581.25;6;10160027902;B
20240419;101023;581.2;1;10160027971;S
20240419;101023;581.25;1;10160028057;B
20240419;101026;581.25;22;10160028409;B
20240419;101026;581.25;74;10160028410;B
20240419;101026;581.3;4;10160028411;B
20240419;101026;581.3;2;10160028445;B
20240419;101027;581.15;5;10160028543;S
20240419;101029;581.2;300;10160028735;B
20240419;101030;581.15;1;10160028897;S
20240419;101031;581.2;1;10160028972;B
20240419;101031;581.2;27;10160028973;B
20240419;101031;581.25;74;10160028974;B
20240419;101031;581.25;173;10160028975;B
20240419;101031;581.3;10;10160028976;B
20240419;101031;581.3;290;10160028977;B
20240419;101031;581.3;33;10160029049;B
20240419;101031;581.35;67;10160029050;B
20240419;101032;581.3;1;10160029191;S
20240419;101035;581.35;250;10160029625;B
20240419;101035;581.3;172;10160029674;S
20240419;101035;581.3;100;10160029685;B
20240419;101036;581.25;6;10160029714;S
20240419;101036;581.3;1;10160029755;B
20240419;101037;581.3;2;10160029824;B
20240419;101037;581.3;5;10160029894;B
20240419;101037;581.3;1;10160029915;B
20240419;101038;581.3;423;10160030062;B
20240419;101038;581.35;11;10160030102;B
20240419;101039;581.35;1;10160030220;B
20240419;101039;581.3;2;10160030274;S
20240419;101041;581.3;1;10160030439;S
20240419;101041;581.35;4;10160030503;B
20240419;101041;581.3;2;10160030560;S
20240419;101042;581.35;3;10160030660;B
20240419;101043;581.35;1;10160030711;B
20240419;101044;581.3;2;10160030882;S
20240419;101047;581.35;4;10160031266;B
20240419;101048;581.35;2;10160031373;B
20240419;101048;581.35;2;10160031435;B
20240419;101048;581.3;1;10160031449;S
20240419;101049;581.3;7;10160031462;S
20240419;101049;581.35;97;10160031631;B
20240419;101051;581.35;3;10160031807;B
20240419;101051;581.35;1;10160031901;B
20240419;101052;581.3;2;10160031990;S
20240419;101053;581.35;5;10160032041;B
20240419;101053;581.35;22;10160032087;B
20240419;101053;581.35;2;10160032088;B
20240419;101053;581.35;10;10160032089;B
20240419;101053;581.35;5;10160032090;B
20240419;101053;581.35;5;10160032091;B
20240419;101053;581.4;8;10160032115;B
20240419;101054;581.35;2;10160032146;S
20240419;101057;581.4;1;10160032420;B
20240419;101057;581.35;1;10160032480;S
20240419;101058;581.4;1;10160032571;B
20240419;101059;581.35;1;10160032671;S
20240419;101102;581.4;3;10160032921;B
20240419;101102;581.4;29;10160032992;B
20240419;101103;581.4;1;10160033018;B
20240419;101103;581.35;24;10160033059;S
20240419;101105;581.4;1;10160033291;B
20240419;101105;581.4;56;10160033297;B
20240419;101105;581.4;11;10160033298;B
20240419;101105;581.4;5;10160033299;B
20240419;101105;581.4;173;10160033300;B
20240419;101105;581.45;5;10160033301;B
20240419;101107;581.4;300;10160033627;S
20240419;101107;581.4;75;10160033628;S
20240419;101107;581.35;10;10160033629;S
20240419;101107;581.4;100;10160033630;S
20240419;101108;581.35;18;10160033755;S
20240419;101108;581.35;145;10160033799;S
20240419;101108;581.35;355;10160033800;S
20240419;101111;581.45;2;10160034095;B
20240419;101111;581.4;1;10160034123;S
20240419;101111;581.4;1;10160034124;S
20240419;101111;581.35;1;10160034125;S
20240419;101111;581.35;1;10160034126;S
20240419;101112;581.45;1;10160034234;B
20240419;101117;581.45;7;10160034891;B
20240419;101117;581.45;1;10160034937;B
20240419;101117;581.4;3;10160034958;S
20240419;101117;581.35;3;10160034959;S
20240419;101118;581.35;2;10160035104;S
20240419;101120;581.35;1;10160035270;S
20240419;101120;581.35;2;10160035309;S
20240419;101120;581.35;1;10160035357;S
20240419;101122;581.45;1;10160035568;B
20240419;101125;581.35;3;10160035903;S
20240419;101125;581.45;9;10160036002;B
20240419;101125;581.45;91;10160036003;B
20240419;101126;581.45;1;10160036160;B
20240419;101130;581.45;1;10160036740;B
20240419;101131;581.45;45;10160036771;B
20240419;101135;581.45;250;10160037300;B
20240419;101135;581.45;2262;10160037311;B
20240419;101135;581.45;3;10160037312;B
20240419;101135;581.45;173;10160037313;B
20240419;101135;581.45;75;10160037314;B
20240419;101135;581.45;30;10160037315;B
20240419;101135;581.45;10;10160037316;B
20240419;101135;581.45;386;10160037317;B
20240419;101135;581.5;1;10160037323;B
20240419;101135;581.55;3;10160037324;B
20240419;101136;581.55;3;10160037490;B
20240419;101137;581.55;1;10160037599;B
20240419;101138;581.55;2;10160037643;B
20240419;101139;581.5;3;10160037803;S
20240419;101139;581.55;1;10160037804;B
20240419;101142;581.55;1;10160038114;B
20240419;101143;581.55;1;10160038289;B
20240419;101143;581.55;2;10160038393;B
20240419;101144;581.5;173;10160038601;S
20240419;101144;581.45;61;10160038602;S
20240419;101144;581.45;33;10160038603;S
20240419;101144;581.45;79;10160038604;S
20240419;101144;581.45;380;10160038605;S
20240419;101144;581.45;1;10160038606;S
20240419;101144;581.4;40;10160038607;S
20240419;101144;581.4;173;10160038608;S
20240419;101144;581.4;541;10160038609;S
20240419;101146;581.4;125;10160038819;S
20240419;101146;581.35;1;10160038820;S
20240419;101146;581.35;1;10160038821;S
20240419;101146;581.35;123;10160038822;S
20240419;101147;581.5;3;10160038924;B
20240419;101147;581.55;2;10160038925;B
20240419;101147;581.55;10;10160038926;B
20240419;101147;581.55;5;10160038927;B
20240419;101147;581.55;1;10160038942;B
20240419;101148;581.45;2;10160039074;S
20240419;101151;581.55;1;10160039538;B
20240419;101152;581.55;35;10160039692;B
20240419;101154;581.55;2;10160039941;B
20240419;101155;581.45;1;10160040014;S
20240419;101159;581.5;1;10160040566;B
20240419;101202;581.55;2;10160040952;B
20240419;101205;581.55;171;10160041343;B
20240419;101205;581.55;80;10160041344;B
20240419;101208;581.35;13;10160041634;S
20240419;101208;581.35;39;10160041635;S
20240419;101210;581.55;5;10160041864;B
20240419;101211;581.55;18;10160041982;B
20240419;101214;581.55;2;10160042406;B
20240419;101215;581.55;8;10160042453;B
20240419;101215;581.6;7;10160042454;B
20240419;101215;581.6;3;10160042455;B
20240419;101215;581.6;206;10160042456;B
20240419;101215;581.6;12;10160042457;B
20240419;101215;581.6;77;10160042458;B
20240419;101215;581.6;173;10160042459;B
20240419;101215;581.6;214;10160042460;B
20240419;101216;581.55;15;10160042565;B
20240419;101216;581.6;10;10160042566;B
20240419;101220;581.5;3;10160043145;S
20240419;101221;581.55;2;10160043265;B
20240419;101223;581.5;7;10160043489;S
20240419;101223;581.5;3;10160043490;S
20240419;101224;581.55;4;10160043525;B
20240419;101226;581.55;1;10160043842;B
20240419;101227;581.55;2;10160043899;B
20240419;101227;581.55;6;10160043955;B
20240419;101227;581.55;4;10160043956;B
20240419;101229;581.55;1;10160044171;B
20240419;101230;581.55;1;10160044198;B
20240419;101231;581.55;1;10160044372;B
20240419;101233;581.5;1;10160044655;S
20240419;101234;581.55;1;10160044688;B
20240419;101235;581.55;1;10160044856;B
20240419;101235;581.55;15;10160044914;B
20240419;101235;581.55;77;10160044915;B
20240419;101235;581.6;158;10160044916;B
20240419;101239;581.6;6;10160045271;B
20240419;101239;581.6;2;10160045294;B
20240419;101240;581.55;1;10160045346;S
20240419;101240;581.5;2;10160045397;S
20240419;101242;581.6;5;10160045620;B
20240419;101242;581.55;2;10160045644;S
20240419;101243;581.55;3;10160045723;S
20240419;101248;581.6;1;10160046122;B
20240419;101248;581.6;2;10160046128;B
20240419;101251;581.6;1;10160046424;B
20240419;101252;581.6;11;10160046528;B
20240419;101252;581.6;41;10160046529;B
20240419;101252;581.6;10;10160046591;B
20240419;101252;581.6;40;10160046592;B
20240419;101253;581.65;1;10160046637;B
20240419;101253;581.65;4;10160046638;B
20240419;101254;581.7;1;10160046831;B
20240419;101255;581.6;173;10160046872;S
20240419;101255;581.6;76;10160046873;S
20240419;101255;581.6;1;10160046874;S
20240419;101255;581.6;3;10160046903;S
20240419;101255;581.6;5;10160046940;S
20240419;101259;581.6;2;10160047344;S
20240419;101300;581.7;1;10160047533;B
20240419;101302;581.6;60;10160047725;S
20240419;101303;581.6;5;10160047943;S
20240419;101303;581.7;1;10160047990;B
20240419;101304;581.6;50;10160048074;S
20240419;101305;581.7;203;10160048235;B
20240419;101305;581.7;47;10160048236;B
20240419;101308;581.7;156;10160048605;B
20240419;101310;581.6;50;10160048822;S
20240419;101310;581.6;20;10160048823;S
20240419;101311;581.7;1;10160048952;B
20240419;101312;581.7;1;10160049034;B
20240419;101314;581.7;4;10160049191;B
20240419;101316;581.7;1;10160049526;B
20240419;101318;581.6;9;10160049693;S
20240419;101321;581.7;2;10160050038;B
20240419;101321;581.7;1;10160050074;B
20240419;101324;581.7;9;10160050395;B
20240419;101324;581.7;1;10160050456;B
20240419;101324;581.7;1;10160050473;B
20240419;101332;581.7;1;10160051367;B
20240419;101332;581.7;3;10160051404;B
20240419;101333;581.7;6;10160051539;B
20240419;101335;581.7;19;10160051687;B
20240419;101335;581.7;10;10160051688;B
20240419;101335;581.7;10;10160051689;B
20240419;101335;581.7;173;10160051690;B
20240419;101335;581.75;5;10160051691;B
20240419;101335;581.75;33;10160051692;B
20240419;101337;581.6;12;10160051837;S
20240419;101339;581.7;15;10160052162;B
20240419;101340;581.7;5;10160052225;B
20240419;101342;581.7;1;10160052467;B
20240419;101343;581.7;15;10160052568;B
20240419;101347;581.6;132;10160052972;S
20240419;101347;581.6;68;10160052973;S
20240419;101350;581.6;312;10160053246;S
20240419;101350;581.6;173;10160053247;S
20240419;101350;581.55;511;10160053248;S
20240419;101350;581.55;1;10160053249;S
20240419;101350;581.55;34;10160053250;S
20240419;101350;581.55;30;10160053251;S
20240419;101350;581.55;1;10160053252;S
20240419;101350;581.55;1;10160053253;S
20240419;101350;581.55;300;10160053254;S
20240419;101350;581.5;1;10160053255;S
20240419;101350;581.5;75;10160053256;S
20240419;101350;581.5;173;10160053257;S
20240419;101350;581.5;5;10160053258;S
20240419;101350;581.5;1;10160053259;S
20240419;101350;581.5;386;10160053260;S
20240419;101350;581.45;50;10160053261;S
20240419;101350;581.45;1;10160053262;S
20240419;101350;581.4;333;10160053263;S
20240419;101350;581.35;230;10160053264;S
20240419;101350;581.35;1433;10160053265;S
20240419;101350;581.35;100;10160053266;S
20240419;101350;581.3;1254;10160053267;S
20240419;101350;581.3;1;10160053268;S
20240419;101350;581.3;10;10160053269;S
20240419;101350;581.3;52;10160053270;S
20240419;101350;581.3;50;10160053271;S
20240419;101350;581.3;8;10160053272;S
20240419;101350;581.3;100;10160053273;S
20240419;101350;581.3;1;10160053274;S
20240419;101350;581.25;20;10160053275;S
20240419;101350;581.25;500;10160053276;S
20240419;101350;581.25;1000;10160053277;S
20240419;101350;581.25;206;10160053278;S
20240419;101350;581.2;1;10160053279;S
20240419;101350;581.2;387;10160053280;S
20240419;101350;581.2;206;10160053281;S
20240419;101350;581.2;3;10160053282;S
20240419;101350;581.2;50;10160053283;S
20240419;101351;581.25;74;10160053358;S
20240419;101351;581.25;101;10160053359;S
20240419;101353;581.3;51;10160053638;B
20240419;101358;581.4;8;10160054153;B
20240419;101400;581.4;1;10160054408;B
20240419;101402;581.4;3;10160054705;B
20240419;101402;581.4;1;10160054809;B
20240419;101405;581.4;1;10160055070;B
20240419;101405;581.4;20;10160055091;B
20240419;101405;581.4;74;10160055092;B
20240419;101405;581.45;157;10160055093;B
20240419;101411;581.4;1;10160055689;S
20240419;101411;581.35;39;10160055690;S
20240419;101412;581.3;7;10160055850;S
20240419;101413;581.45;7;10160055964;B
20240419;101419;581.45;2;10160056609;B
20240419;101421;581.45;30;10160056775;B
20240419;101427;581.5;5;10160057327;B
20240419;101428;581.5;1;10160057386;B
20240419;101430;581.5;1;10160057594;B
20240419;101430;581.5;30;10160057598;B
20240419;101430;581.45;2;10160057648;S
20240419;101435;581.4;250;10160058230;B
20240419;101437;581.45;2;10160058391;B
20240419;101441;581.45;5;10160058830;B
20240419;101444;581.5;1;10160059131;B
20240419;101444;581.5;1;10160059147;B
20240419;101444;581.4;2;10160059169;S
20240419;101445;581.55;1;10160059290;B
20240419;101448;581.55;3;10160059494;B
20240419;101449;581.55;6;10160059704;B
20240419;101449;581.55;5;10160059705;B
20240419;101451;581.55;1;10160059879;B
20240419;101453;581.4;1;10160060060;S
20240419;101453;581.5;2;10160060077;B
20240419;101455;581.45;2;10160060237;B
20240419;101458;581.4;1;10160060778;S
20240419;101459;581.45;2;10160060844;B
20240419;101459;581.45;1;10160060877;B
20240419;101459;581.45;50;10160060897;B
20240419;101459;581.45;4;10160060906;B
20240419;101500;581.4;1;10160060984;S
20240419;101500;581.45;68;10160061027;B
20240419;101500;581.45;173;10160061028;B
20240419;101500;581.5;248;10160061029;B
20240419;101500;581.5;10;10160061030;B
20240419;101500;581.55;379;10160061031;B
20240419;101500;581.6;596;10160061032;B
20240419;101500;581.6;10;10160061033;B
20240419;101500;581.6;72;10160061034;B
20240419;101500;581.65;206;10160061035;B
20240419;101500;581.65;386;10160061036;B
20240419;101500;581.65;173;10160061037;B
20240419;101500;581.65;173;10160061038;B
20240419;101500;581.7;206;10160061039;B
20240419;101500;581.7;9;10160061040;B
20240419;101500;581.7;1000;10160061041;B
20240419;101500;581.7;1000;10160061042;B
20240419;101500;581.7;500;10160061043;B
20240419;101500;581.75;10;10160061044;B
20240419;101500;581.75;206;10160061045;B
20240419;101500;581.8;50;10160061046;B
20240419;101500;581.8;20;10160061047;B
20240419;101500;581.85;5;10160061048;B
20240419;101500;581.85;15;10160061049;B
20240419;101500;581.85;100;10160061050;B
20240419;101500;581.85;1556;10160061051;B
20240419;101500;581.9;300;10160061052;B
20240419;101500;581.9;350;10160061053;B
20240419;101500;581.9;678;10160061054;B
20240419;101500;581.65;3;10160061055;S
20240419;101501;581.85;2;10160061200;B
20240419;101505;581.7;1;10160062029;S
20240419;101505;581.85;1;10160062132;B
20240419;101505;581.9;249;10160062133;B
20240419;101506;581.7;79;10160062287;S
20240419;101506;581.65;173;10160062288;S
20240419;101506;581.65;173;10160062289;S
20240419;101506;581.65;72;10160062290;S
20240419;101506;581.6;503;10160062291;S
20240419;101506;581.6;7;10160062349;S
20240419;101509;581.7;1;10160062826;B
20240419;101509;581.7;7;10160062827;B
20240419;101510;581.65;1;10160063022;S
20240419;101512;581.7;1;10160063355;B
20240419;101514;581.75;2;10160063828;B
20240419;101515;581.65;1;10160063983;S
20240419;101517;581.65;1;10160064564;S
20240419;101517;581.75;171;10160064571;B
20240419;101517;581.8;79;10160064572;B
20240419;101517;581.8;70;10160064573;B
20240419;101517;581.9;73;10160064574;B
20240419;101517;581.9;206;10160064575;B
20240419;101517;581.9;409;10160064576;B
20240419;101517;581.9;2;10160064577;B
20240419;101517;581.95;4;10160064578;B
20240419;101517;581.95;3;10160064579;B
20240419;101517;581.95;1;10160064580;B
20240419;101517;581.95;16;10160064581;B
20240419;101517;581.95;200;10160064582;B
20240419;101517;581.95;4;10160064583;B
20240419;101517;581.95;172;10160064584;B
20240419;101517;581.95;793;10160064585;B
20240419;101517;581.95;61;10160064586;B
20240419;101517;581.95;206;10160064587;B
20240419;101517;581.95;100;10160064588;B
20240419;101517;582;4;10160064589;B
20240419;101517;582;18;10160064590;B
20240419;101517;582;1;10160064591;B
20240419;101517;582;200;10160064592;B
20240419;101517;582;1;10160064593;B
20240419;101517;582;2;10160064594;B
20240419;101517;582;2;10160064595;B
20240419;101517;582;50;10160064596;B
20240419;101517;582;20;10160064597;B
20240419;101517;582;2232;10160064598;B
20240419;101523;581.9;20;10160065818;S
20240419;101527;582;5000;10160066765;B
20240419;101527;581.95;1;10160066769;S
20240419;101527;581.95;5;10160066771;S
20240419;101530;581.95;1;10160067258;B
20240419;101530;582;2;10160067324;B
20240419;101531;581.9;1;10160067381;S
20240419;101531;582;1;10160067388;B
20240419;101531;582;10;10160067460;B
20240419;101532;582;1;10160067771;B
20240419;101533;581.95;6;10160067814;S
20240419;101533;582;1;10160067863;B
20240419;101533;582;5674;10160067871;B
20240419;101533;582;4;10160067872;B
20240419;101533;582;1;10160067873;B
20240419;101533;582;180;10160067874;B
20240419;101533;582;645;10160067875;B
20240419;101533;582;1;10160067876;B
20240419;101533;582;505;10160067877;B
20240419;101533;582;3;10160067878;B
20240419;101533;582;5;10160067879;B
20240419;101533;582;700;10160067880;B
20240419;101533;582;1;10160067881;B
20240419;101533;582;9;10160067882;B
20240419;101533;582;5;10160067883;B
20240419;101533;582;267;10160067884;B
20240419;101534;581.95;10;10160068051;S
20240419;101535;582;1;10160068187;B
20240419;101536;582;156;10160068251;B
20240419;101536;582;70;10160068252;B
20240419;101536;582;24;10160068253;B
20240419;101536;582;10;10160068274;B
20240419;101536;581.95;1;10160068291;S
20240419;101540;581.95;55;10160068826;S
20240419;101540;582;6;10160068935;B
20240419;101540;582;322;10160068936;B
20240419;101541;582;1;10160069024;B
20240419;101541;581.95;32;10160069026;S
20240419;101542;581.95;26;10160069154;S
20240419;101543;582;50;10160069431;B
20240419;101544;582;9;10160069515;B
20240419;101544;582;10;10160069608;B
20240419;101547;582;1;10160069980;B
20240419;101548;582;1;10160070118;B
20240419;101548;581.95;51;10160070124;S
20240419;101549;582;6;10160070315;B
20240419;101552;582;11007;10160070725;B
20240419;101552;582;100;10160070726;B
20240419;101552;582;2;10160070727;B
20240419;101552;582;750;10160070728;B
20240419;101552;582;20;10160070729;B
20240419;101552;582;96;10160070730;B
20240419;101552;582;20;10160070731;B
20240419;101552;582;5;10160070732;B
20240419;101552;582;200;10160070734;B
20240419;101553;582;3;10160070792;B
20240419;101553;581.95;100;10160070847;S
20240419;101554;581.95;5;10160071045;S
20240419;101555;582;1;10160071103;B
20240419;101555;582;2;10160071164;B
20240419;101555;582;1;10160071167;B
20240419;101556;582;1;10160071288;B
20240419;101557;582;1;10160071324;B
20240419;101557;582;2;10160071329;B
20240419;101557;582;1;10160071380;B
20240419;101557;581.95;59;10160071406;S
20240419;101558;581.95;1;10160071485;S
20240419;101558;581.95;2;10160071567;S
20240419;101558;581.95;2;10160071573;S
20240419;101559;582;70;10160071602;B
20240419;101559;582;1;10160071603;B
20240419;101600;582;4;10160071715;B
20240419;101600;581.95;10;10160071745;S
20240419;101600;582;1;10160071854;B
20240419;101601;581.95;10;10160072010;S
20240419;101602;582;1;10160072069;B
20240419;101602;582;50;10160072147;B
20240419;101603;582;2;10160072267;B
20240419;101604;582;1;10160072541;B
20240419;101604;581.95;5;10160072567;S
20240419;101605;582;2;10160072631;B
20240419;101605;582;1;10160072677;B
20240419;101605;581.95;3;10160072683;S
20240419;101606;582;250;10160072792;B
20240419;101606;582;2;10160072831;B
20240419;101607;582;1;10160072979;B
20240419;101607;581.95;100;10160072995;S
20240419;101608;582;3;10160073072;B
20240419;101609;582;8000;10160073182;B
20240419;101609;582;1;10160073189;B
20240419;101609;582;1;10160073218;B
20240419;101609;582;1;10160073243;B
20240419;101610;582;3;10160073306;B
20240419;101610;581.95;174;10160073337;S
20240419;101611;582;1;10160073524;B
20240419;101611;582;3;10160073537;B
20240419;101612;581.95;2;10160073644;S
20240419;101612;582;2;10160073704;B
20240419;101613;582;6;10160073813;B
20240419;101613;581.95;5;10160073836;S
20240419;101613;582;1;10160073847;B
20240419;101614;582;4;10160073899;B
20240419;101614;582;1;10160073903;B
20240419;101614;582;2;10160074051;B
20240419;101615;581.95;41;10160074175;S
20240419;101615;581.95;173;10160074176;S
20240419;101615;581.95;1;10160074177;S
20240419;101615;581.95;1;10160074178;S
20240419;101615;581.95;1;10160074179;S
20240419;101615;581.95;10;10160074180;S
20240419;101615;581.95;97;10160074181;S
20240419;101615;581.95;5;10160074207;B
20240419;101615;581.95;1;10160074238;B
20240419;101615;581.95;10;10160074255;B
20240419;101616;581.95;2;10160074303;B
20240419;101617;581.9;1;10160074433;S
20240419;101618;581.95;3;10160074673;B
20240419;101619;581.9;86;10160074804;S
20240419;101619;581.9;50;10160074805;S
20240419;101619;581.9;27;10160074806;S
20240419;101619;581.9;6;10160074838;S
20240419;101619;581.9;1;10160074973;S
20240419;101620;581.95;1;10160075003;B
20240419;101620;581.95;6;10160075051;B
20240419;101620;581.95;3;10160075052;B
20240419;101620;581.95;1;10160075062;B
20240419;101621;581.95;4;10160075213;B
20240419;101621;581.95;1;10160075214;B
20240419;101621;581.95;1;10160075231;B
20240419;101621;581.9;2;10160075239;S
20240419;101622;581.95;3;10160075376;B
20240419;101622;581.9;1;10160075422;S
20240419;101623;581.9;1;10160075478;S
20240419;101623;581.95;1;10160075525;B
20240419;101623;581.95;2;10160075555;B
20240419;101624;581.95;17;10160075604;B
20240419;101624;581.95;1;10160075693;B
20240419;101626;581.95;3;10160076036;B
20240419;101627;581.95;7;10160076065;B
20240419;101627;581.95;10;10160076121;B
20240419;101627;581.95;23;10160076174;B
20240419;101628;581.95;5;10160076254;B
20240419;101628;581.95;6;10160076300;B
20240419;101628;581.95;60;10160076320;B
20240419;101628;581.95;95;10160076321;B
20240419;101628;582;166;10160076322;B
20240419;101628;582;5;10160076323;B
20240419;101628;582;424;10160076324;B
20240419;101628;582;1;10160076339;B
20240419;101630;582;3;10160076573;B
20240419;101631;581.95;2;10160076760;S
20240419;101633;582;1;10160076965;B
20240419;101634;582;4;10160077072;B
20240419;101634;582;848;10160077079;B
20240419;101634;582;99;10160077080;B
20240419;101634;582;4053;10160077081;B
20240419;101636;582;251;10160077288;B
20240419;101638;582;6;10160077607;B
20240419;101639;582;1;10160077716;B
20240419;101640;582;2;10160077847;B
20240419;101640;582;1;10160077872;B
20240419;101640;582;3;10160077909;B
20240419;101641;581.95;171;10160078041;S
20240419;101641;581.95;173;10160078042;S
20240419;101641;581.95;95;10160078043;S
20240419;101641;581.95;5;10160078044;S
20240419;101641;581.95;206;10160078045;S
20240419;101641;581.95;4;10160078046;S
20240419;101641;581.95;1;10160078047;S
20240419;101641;581.95;350;10160078052;B
20240419;101642;581.95;50;10160078170;B
20240419;101645;581.95;1;10160078733;B
20240419;101645;581.9;20;10160078735;S
20240419;101646;581.95;1;10160078743;B
20240419;101646;581.95;3;10160078795;B
20240419;101646;581.9;1;10160078829;S
20240419;101647;581.95;1;10160078918;B
20240419;101647;581.9;1;10160078947;S
20240419;101649;581.9;13;10160079242;S
20240419;101649;581.9;1;10160079243;S
20240419;101649;581.9;173;10160079244;S
20240419;101649;581.9;173;10160079245;S
20240419;101649;581.9;386;10160079246;S
20240419;101649;581.85;206;10160079247;S
20240419;101649;581.85;95;10160079248;S
20240419;101649;581.8;85;10160079249;S
20240419;101649;581.8;206;10160079250;S
20240419;101649;581.75;206;10160079251;S
20240419;101649;581.7;2;10160079252;S
20240419;101649;581.7;454;10160079253;S
20240419;101649;581.8;1;10160079259;S
20240419;101649;581.9;7;10160079281;B
20240419;101650;581.9;8;10160079466;B
20240419;101651;581.85;1;10160079598;B
20240419;101654;581.9;5;10160080013;B
20240419;101657;581.85;1;10160080441;B
20240419;101702;581.85;1;10160080926;B
20240419;101703;581.85;1;10160081075;B
20240419;101703;581.85;1;10160081076;B
20240419;101704;581.85;1;10160081178;B
20240419;101704;581.85;2;10160081227;B
20240419;101706;581.85;1;10160081379;B
20240419;101706;581.9;65;10160081380;B
20240419;101706;581.9;184;10160081381;B
20240419;101706;581.9;4;10160081429;B
20240419;101709;581.9;387;10160082048;B
20240419;101709;581.9;1;10160082049;B
20240419;101709;581.9;10;10160082050;B
20240419;101709;581.9;1;10160082051;B
20240419;101709;581.95;1;10160082052;B
20240419;101709;581.95;10;10160082053;B
20240419;101709;581.95;3;10160082054;B
20240419;101709;581.95;1;10160082055;B
20240419;101709;581.95;8;10160082056;B
20240419;101709;581.95;1;10160082057;B
20240419;101709;581.95;1;10160082058;B
20240419;101709;581.95;50;10160082059;B
20240419;101709;582;228;10160082086;B
20240419;101709;582;6;10160082087;B
20240419;101709;582;234;10160082088;B
20240419;101709;582;234;10160082089;B
20240419;101709;581.95;3;10160082106;S
20240419;101710;582;5;10160082169;B
20240419;101711;581.95;1;10160082385;S
20240419;101712;581.95;5;10160082420;S
20240419;101712;582;6;10160082435;B
20240419;101712;582;2;10160082477;B
20240419;101714;582;7070;10160082750;B
20240419;101714;582;750;10160082751;B
20240419;101714;581.95;164;10160082848;S
20240419;101714;581.95;160;10160082849;S
20240419;101714;581.95;195;10160082850;B
20240419;101714;581.95;622;10160082851;B
20240419;101714;581.95;827;10160082852;B
20240419;101714;581.9;1;10160082858;S
20240419;101715;581.95;1;10160082889;B
20240419;101715;581.95;1;10160082890;B
20240419;101715;581.95;2;10160082891;B
20240419;101715;581.95;1;10160082895;B
20240419;101715;581.95;1;10160082897;B
20240419;101715;581.95;2;10160082970;B
20240419;101716;581.95;2;10160082989;B
20240419;101716;581.95;1;10160082992;B
20240419;101718;581.95;22;10160083246;B
20240419;101718;581.95;22;10160083258;B
20240419;101719;581.95;40;10160083346;B
20240419;101719;581.95;6;10160083472;B
20240419;101719;581.95;153;10160083476;B
20240419;101719;582;40;10160083477;B
20240419;101719;582;5;10160083478;B
20240419;101719;582;2;10160083479;B
20240419;101720;581.95;1;10160083554;B
20240419;101720;581.95;5;10160083613;B
20240419;101721;581.95;1;10160083735;B
20240419;101723;581.9;2;10160083943;S
20240419;101724;581.95;243;10160084096;B
20240419;101724;581.95;250;10160084097;B
20240419;101724;582;4507;10160084098;B
20240419;101724;582;9;10160084099;B
20240419;101724;582;3;10160084111;B
20240419;101724;582;3;10160084120;B
20240419;101724;582;1;10160084173;B
20240419;101724;582;17;10160084180;B
20240419;101724;582;2000;10160084181;B
20240419;101725;582;4890;10160084191;B
20240419;101725;581.95;5;10160084217;S
20240419;101725;581.95;1;10160084221;S
20240419;101726;581.95;167;10160084328;S
20240419;101726;581.95;300;10160084329;S
20240419;101726;581.95;95;10160084330;S
20240419;101726;581.95;10;10160084331;S
20240419;101726;581.9;170;10160084332;S
20240419;101726;581.9;206;10160084333;S
20240419;101726;581.9;380;10160084334;S
20240419;101726;581.9;160;10160084335;S
20240419;101726;581.85;206;10160084336;S
20240419;101726;581.85;85;10160084337;S
20240419;101726;581.85;15;10160084338;S
20240419;101726;581.85;200;10160084339;S
20240419;101726;581.8;6;10160084340;S
20240419;101727;581.95;3;10160084462;B
20240419;101729;581.9;1;10160084751;S
20240419;101731;581.95;3;10160084967;B
20240419;101732;581.9;45;10160085336;B
20240419;101733;581.8;1;10160085360;S
20240419;101734;581.9;2;10160085626;B
20240419;101735;581.9;5;10160085652;B
20240419;101736;581.9;121;10160085740;B
20240419;101736;581.9;95;10160085741;B
20240419;101736;581.9;34;10160085742;B
20240419;101736;581.8;5;10160085810;S
20240419;101737;581.9;216;10160085962;B
20240419;101737;581.9;20;10160085963;B
20240419;101737;581.95;64;10160085964;B
20240419;101738;581.9;1;10160086093;B
20240419;101738;581.9;18;10160086224;S
20240419;101739;581.9;155;10160086245;S
20240419;101739;581.9;95;10160086246;S
20240419;101740;581.9;17;10160086637;B
20240419;101743;581.9;1;10160086976;B
20240419;101743;581.85;32;10160087016;S
20240419;101744;581.8;1;10160087157;S
20240419;101745;581.9;15;10160087333;B
20240419;101745;581.9;6;10160087334;B
20240419;101747;581.9;20;10160087866;B
20240419;101748;581.8;5;10160087967;S
20240419;101748;581.9;2;10160088004;B
20240419;101751;581.8;1;10160088948;S
20240419;101752;581.8;43;10160089357;S
20240419;101752;581.8;5;10160089358;S
20240419;101752;581.8;2;10160089359;S
20240419;101752;581.8;173;10160089360;S
20240419;101752;581.8;50;10160089361;S
20240419;101752;581.75;206;10160089362;S
20240419;101752;581.75;81;10160089363;S
20240419;101752;581.7;140;10160089364;S
20240419;101752;581.9;1;10160089420;B
20240419;101753;581.9;2;10160089715;B
20240419;101753;581.9;1;10160089721;B
20240419;101753;581.9;2;10160089723;B
20240419;101753;581.9;2;10160089736;B
20240419;101753;581.9;2;10160089742;B
20240419;101753;581.9;2;10160089747;B
20240419;101754;581.9;1;10160089753;B
20240419;101754;581.9;2;10160089777;B
20240419;101754;581.9;5;10160089781;B
20240419;101754;581.9;3;10160089782;B
20240419;101754;581.9;1;10160089784;B
20240419;101754;581.9;1;10160089787;B
20240419;101754;581.9;5;10160089788;B
20240419;101754;581.9;10;10160089850;B
20240419;101758;581.9;1;10160090463;B
20240419;101800;581.9;1;10160090893;B
20240419;101801;581.9;1;10160090911;B
20240419;101801;581.95;8;10160090912;B
20240419;101801;581.95;11;10160090943;B
20240419;101803;581.9;6;10160091412;B
20240419;101805;581.9;3;10160091708;B
20240419;101806;581.9;250;10160091871;B
20240419;101809;581.8;2;10160092287;S
20240419;101811;581.8;1;10160092544;S
20240419;101812;581.85;54;10160092692;S
20240419;101813;581.85;3;10160092832;S
20240419;101814;581.9;1;10160092919;B
20240419;101816;581.9;1;10160093209;B
20240419;101817;581.85;9;10160093359;S
20240419;101818;581.85;1;10160093540;S
20240419;101819;581.9;3;10160093626;B
20240419;101820;581.9;1;10160093790;B
20240419;101820;581.9;4;10160093861;B
20240419;101821;581.85;2;10160093942;S
20240419;101821;581.9;5;10160093993;B
20240419;101822;581.85;3;10160094056;S
20240419;101822;581.9;4;10160094061;B
20240419;101822;581.85;2;10160094179;S
20240419;101825;581.9;3;10160094534;B
20240419;101825;581.85;5;10160094591;S
20240419;101828;581.85;1;10160094864;S
20240419;101829;581.85;2;10160094971;S
20240419;101829;581.85;4;10160095039;S
20240419;101829;581.9;1;10160095051;B
20240419;101832;581.9;1;10160095337;B
20240419;101833;581.85;1;10160095488;S
20240419;101833;581.85;25;10160095515;S
20240419;101834;581.85;1;10160095598;S
20240419;101835;581.85;4;10160095615;S
20240419;101835;581.85;60;10160095623;S
20240419;101835;581.85;1;10160095654;S
20240419;101836;581.9;2;10160095712;B
20240419;101836;581.9;251;10160095739;B
20240419;101837;581.9;1;10160095820;B
20240419;101838;581.9;3;10160095893;B
20240419;101838;581.85;1;10160095911;S
20240419;101839;581.85;2;10160095998;S
20240419;101840;581.9;1;10160096142;B
20240419;101841;581.9;1;10160096297;B
20240419;101842;581.9;7;10160096393;B
20240419;101843;581.85;1;10160096495;S
20240419;101845;581.9;2;10160096610;B
20240419;101845;581.85;5;10160096662;S
20240419;101847;581.9;2;10160096964;B
20240419;101848;581.9;10;10160096994;B
20240419;101848;581.85;5;10160097024;S
20240419;101849;581.9;1;10160097134;B
20240419;101850;581.9;2;10160097242;B
20240419;101850;581.85;42;10160097314;S
20240419;101850;581.85;173;10160097315;S
20240419;101850;581.85;35;10160097316;S
20240419;101850;581.9;3;10160097325;B
20240419;101851;581.9;1;10160097353;B
20240419;101852;581.85;1;10160097462;S
20240419;101858;581.85;1;10160098504;S
20240419;101859;581.85;5;10160098532;S
20240419;101859;581.9;1;10160098656;B
20240419;101859;581.9;2;10160098658;B
20240419;101900;581.9;1;10160098722;B
20240419;101900;581.9;2;10160098862;B
20240419;101901;581.9;2;10160098869;B
20240419;101901;581.9;2;10160098895;B
20240419;101902;581.9;1;10160099016;B
20240419;101902;581.85;16;10160099031;S
20240419;101902;581.85;1;10160099055;S
20240419;101904;581.85;352;10160099436;S
20240419;101905;581.9;5;10160099533;B
20240419;101906;581.9;250;10160099686;B
20240419;101908;581.85;24;10160099983;S
20240419;101908;581.85;173;10160099984;S
20240419;101908;581.85;173;10160099985;S
20240419;101908;581.85;380;10160099986;S
20240419;101908;581.8;17;10160099987;S
20240419;101908;581.8;2;10160099988;S
20240419;101908;581.8;50;10160099989;S
20240419;101908;581.8;262;10160099990;S
20240419;101908;581.8;119;10160099991;S
20240419;101908;581.9;49;10160100156;B
20240419;101909;581.85;5;10160100282;S
20240419;101911;581.85;2;10160100514;S
20240419;101911;581.9;1;10160100561;B
20240419;101914;581.9;1;10160101143;B
20240419;101914;581.9;1;10160101197;B
20240419;101915;581.85;3;10160101373;S
20240419;101915;581.85;1;10160101483;S
20240419;101916;581.9;1;10160101561;B
20240419;101917;581.9;2;10160101694;B
20240419;101917;581.9;1;10160101696;B
20240419;101918;581.85;2;10160101799;S
20240419;101918;581.85;1;10160101800;S
20240419;101919;581.9;1;10160101859;B
20240419;101919;581.9;1;10160101963;B
20240419;101919;581.9;106;10160101965;B
20240419;101919;581.9;13;10160101966;B
20240419;101919;581.9;1;10160101967;B
20240419;101919;581.9;21;10160101968;B
20240419;101919;581.9;5;10160101969;B
20240419;101919;581.95;911;10160101970;B
20240419;101919;581.95;85;10160101971;B
20240419;101919;581.95;1;10160101972;B
20240419;101919;581.95;92;10160101973;B
20240419;101919;581.95;1;10160101974;B
20240419;101919;582;169;10160101975;B
20240419;101919;582;586;10160101976;B
20240419;101919;582;1;10160101977;B
20240419;101919;582;8;10160101978;B
20240419;101924;581.95;1;10160102704;S
20240419;101925;581.95;2;10160102825;S
20240419;101926;581.95;9;10160102894;S
20240419;101928;581.95;5;10160103209;S
20240419;101928;582;1;10160103238;B
20240419;101929;582;89;10160103342;B
20240419;101929;582;85;10160103343;B
20240419;101929;582;67;10160103344;B
20240419;101929;582;4;10160103345;B
20240419;101929;582;19;10160103346;B
20240419;101929;582;20;10160103347;B
20240419;101929;582;1;10160103348;B
20240419;101929;582;68;10160103349;B
20240419;101930;582;2;10160103445;B
20240419;101930;582;3;10160103446;B
20240419;101930;582;2;10160103447;B
20240419;101930;581.95;3;10160103472;S
20240419;101930;582;2;10160103473;B
20240419;101931;582;5;10160103620;B
20240419;101932;582;2;10160103683;B
20240419;101932;582;1;10160103723;B
20240419;101932;582;1;10160103724;B
20240419;101932;582;1;10160103725;B
20240419;101933;582;1;10160103763;B
20240419;101933;582;2;10160103764;B
20240419;101933;582;4;10160103765;B
20240419;101933;582;2;10160103782;B
20240419;101933;582;1;10160103802;B
20240419;101933;582;2;10160103822;B
20240419;101933;582;1;10160103823;B
20240419;101933;582;3;10160103824;B
20240419;101933;581.95;1;10160103826;S
20240419;101933;582;3;10160103874;B
20240419;101933;582;1;10160103875;B
20240419;101933;582;1;10160103883;B
20240419;101935;582;3;10160104092;B
20240419;101936;582;5;10160104180;B
20240419;101936;582;250;10160104195;B
20240419;101936;582;3;10160104202;B
20240419;101936;582;3;10160104203;B
20240419;101936;582;1;10160104204;B
20240419;101937;582;4;10160104269;B
20240419;101939;582;1;10160104538;B
20240419;101939;582;1;10160104539;B
20240419;101939;582;3;10160104540;B
20240419;101941;582;209;10160104931;B
20240419;101941;582;50;10160104932;B
20240419;101941;582;130;10160104933;B
20240419;101941;582;5560;10160104934;B
20240419;101941;582;12;10160104935;B
20240419;101941;582;25;10160104936;B
20240419;101941;582;70;10160104937;B
20240419;101941;582;20;10160104938;B
20240419;101941;582;700;10160104939;B
20240419;101941;582.05;1;10160104956;B
20240419;101941;582.05;5;10160104963;B
20240419;101941;582.05;5;10160104964;B
20240419;101941;582.05;19;10160104965;B
20240419;101941;582.05;1;10160104966;B
20240419;101941;582.1;20;10160104967;B
20240419;101941;582.1;20;10160104968;B
20240419;101941;582.1;1;10160104969;B
20240419;101941;582.1;190;10160104970;B
20240419;101941;582.1;24;10160104971;B
20240419;101942;582.1;1;10160104972;B
20240419;101942;582.1;1;10160104975;B
20240419;101942;582.1;5;10160105085;B
20240419;101943;582.1;100;10160105180;B
20240419;101943;582.05;4;10160105252;S
20240419;101943;582.1;500;10160105380;B
20240419;101944;582.05;1;10160105433;S
20240419;101944;582.1;1;10160105459;B
20240419;101944;582.05;2;10160105597;S
20240419;101946;582.05;1;10160105781;S
20240419;101946;582.1;178;10160105791;B
20240419;101946;582.1;11;10160105792;B
20240419;101948;582.15;3;10160106209;B
20240419;101948;582.15;1;10160106210;B
20240419;101948;582.2;4;10160106224;B
20240419;101948;582.2;1;10160106225;B
20240419;101948;582.2;15;10160106226;B
20240419;101948;582.15;74;10160106233;S
20240419;101949;582.15;1;10160106265;S
20240419;101949;582.2;2;10160106354;B
20240419;101950;582.2;1;10160106449;B
20240419;101950;582.2;11;10160106450;B
20240419;101950;582.25;4;10160106451;B
20240419;101950;582.25;3;10160106452;B
20240419;101950;582.25;3;10160106453;B
20240419;101950;582.25;8;10160106454;B
20240419;101950;582.25;1;10160106455;B
20240419;101950;582.25;43;10160106456;B
20240419;101950;582.25;20;10160106457;B
20240419;101950;582.25;6;10160106458;B
20240419;101950;582.25;14;10160106461;B
20240419;101950;582.25;2;10160106462;B
20240419;101950;582.3;4;10160106463;B
20240419;101950;582.3;1;10160106464;B
20240419;101950;582.3;1;10160106465;B
20240419;101950;582.3;1;10160106466;B
20240419;101950;582.3;100;10160106467;B
20240419;101950;582.3;78;10160106468;B
20240419;101950;582.3;12;10160106490;B
20240419;101950;582.3;2;10160106491;B
20240419;101950;582.3;20;10160106492;B
20240419;101950;582.3;10;10160106493;B
20240419;101950;582.35;4;10160106510;B
20240419;101950;582.35;1;10160106511;B
20240419;101950;582.35;1;10160106525;B
20240419;101950;582.35;2;10160106547;B
20240419;101950;582.35;1423;10160106556;B
20240419;101950;582.35;77;10160106557;B
20240419;101950;582.35;6;10160106558;B
20240419;101951;582.35;1;10160106632;B
20240419;101951;582.35;100;10160106663;B
20240419;101951;582.35;1;10160106686;B
20240419;101952;582.35;2;10160106867;B
20240419;101952;582.35;500;10160106884;B
20240419;101952;582.3;1;10160106907;S
20240419;101954;582.35;1;10160107185;B
20240419;101954;582.35;1;10160107228;B
20240419;101955;582.35;1;10160107296;B
20240419;101955;582.3;1;10160107361;S
20240419;101956;582.35;1;10160107476;B
20240419;101956;582.3;1;10160107488;S
20240419;101956;582.3;500;10160107537;S
20240419;101957;582.3;2;10160107616;S
20240419;101957;582.35;809;10160107642;B
20240419;101957;582.35;2;10160107643;B
20240419;101957;582.35;8;10160107644;B
20240419;101957;582.35;15;10160107645;B
20240419;101957;582.35;1;10160107656;S
20240419;101958;582.4;4;10160107715;B
20240419;101958;582.4;1;10160107716;B
20240419;101958;582.4;2;10160107717;B
20240419;101958;582.4;1;10160107718;B
20240419;101958;582.45;2;10160107719;B
20240419;101958;582.4;5;10160107782;S
20240419;101959;582.45;1;10160107816;B
20240419;101959;582.45;23;10160107817;B
20240419;101959;582.4;1;10160107839;S
20240419;102000;582.45;3;10160107953;B
20240419;102000;582.45;1;10160107963;B
20240419;102000;582.4;1;10160108005;S
20240419;102000;582.45;73;10160108029;B
20240419;102000;582.45;300;10160108030;B
20240419;102000;582.45;3;10160108031;B
20240419;102000;582.45;1;10160108032;B
20240419;102000;582.45;10;10160108033;B
20240419;102000;582.45;3;10160108034;B
20240419;102000;582.45;2;10160108035;B
20240419;102000;582.45;3;10160108036;B
20240419;102000;582.45;4;10160108037;B
20240419;102000;582.45;2;10160108038;B
20240419;102000;582.45;1;10160108039;B
20240419;102001;582.45;1;10160108140;S
20240419;102002;582.5;2;10160108303;B
20240419;102002;582.5;1;10160108304;B
20240419;102002;582.5;2;10160108305;B
20240419;102002;582.5;3;10160108381;B
20240419;102003;582.5;2;10160108402;B
20240419;102003;582.5;15;10160108422;B
20240419;102003;582.5;1;10160108459;B
20240419;102003;582.5;6;10160108460;B
20240419;102003;582.5;1;10160108487;B
20240419;102003;582.5;2;10160108488;B
20240419;102003;582.55;2;10160108505;B
20240419;102003;582.55;3;10160108526;B
20240419;102003;582.55;2;10160108527;B
20240419;102003;582.55;9;10160108528;B
20240419;102003;582.6;2;10160108529;B
20240419;102003;582.6;1;10160108530;B
20240419;102003;582.6;2;10160108531;B
20240419;102003;582.6;10;10160108532;B
20240419;102003;582.65;2;10160108533;B
20240419;102003;582.65;3;10160108534;B
20240419;102003;582.65;3;10160108535;B
20240419;102003;582.65;2;10160108536;B
20240419;102003;582.7;2;10160108537;B
20240419;102003;582.7;9;10160108538;B
20240419;102004;582.6;1;10160108608;S
20240419;102004;582.6;1;10160108656;S
20240419;102004;582.7;10;10160108668;B
20240419;102005;582.7;20;10160108787;B
20240419;102006;582.7;61;10160108997;B
20240419;102006;582.7;1;10160108998;B
20240419;102006;582.7;2;10160108999;B
20240419;102006;582.7;150;10160109000;B
20240419;102008;582.7;1;10160109277;B
20240419;102008;582.75;2;10160109278;B
20240419;102008;582.75;3;10160109279;B
20240419;102008;582.75;2;10160109280;B
20240419;102008;582.75;20;10160109281;B
20240419;102008;582.8;2;10160109282;B
20240419;102008;582.8;1;10160109283;B
20240419;102008;582.8;300;10160109284;B
20240419;102008;582.8;2;10160109285;B
20240419;102008;582.8;9;10160109286;B
20240419;102008;582.8;103;10160109287;B
20240419;102008;582.8;5;10160109288;B
20240419;102008;582.85;2;10160109289;B
20240419;102008;582.85;8;10160109290;B
20240419;102008;582.85;2;10160109291;B
20240419;102008;582.85;11;10160109292;B
20240419;102008;582.85;16;10160109293;B
20240419;102008;582.85;61;10160109294;B
20240419;102008;582.8;110;10160109394;S
20240419;102008;582.8;173;10160109395;S
20240419;102008;582.7;34;10160109396;S
20240419;102008;582.7;76;10160109397;S
20240419;102008;582.65;1;10160109398;S
20240419;102008;582.65;100;10160109399;S
20240419;102008;582.65;112;10160109400;S
20240419;102008;582.6;144;10160109401;S
20240419;102009;582.75;1;10160109590;S
