<DATE>;<TIME>;<LAST>;<VOL>;<ID>;<OPER>
20240116;095944;582.750000000;1;9393885118;B
20240116;095944;582.750000000;2;9393885119;B
20240116;095944;582.750000000;5;9393885120;B
20240116;095944;582.750000000;2;9393885121;B
20240116;095944;582.750000000;3;9393885122;B
20240116;095944;582.750000000;12;9393885123;B
20240116;095944;582.750000000;10;9393885124;B
20240116;095944;582.750000000;50;9393885125;B
20240116;095944;582.750000000;10;9393885126;B
20240116;095944;582.750000000;6;9393885127;B
20240116;095944;582.750000000;3;9393885128;B
20240116;095944;582.750000000;1;9393885129;B
20240116;095944;582.750000000;1;9393885130;B
20240116;095944;582.750000000;10;9393885131;B
20240116;095944;582.750000000;1;9393885132;B
20240116;095944;582.750000000;1;9393885133;B
20240116;095944;582.750000000;1;9393885134;B
20240116;095944;582.750000000;20;9393885135;B
20240116;095944;582.750000000;1;9393885136;B
20240116;095944;582.750000000;1;9393885137;B
20240116;095944;582.750000000;1;9393885138;B
20240116;095944;582.750000000;1;9393885139;B
20240116;095944;582.750000000;57;9393885140;B
20240116;095944;582.750000000;2;9393885141;B
20240116;095944;582.750000000;1;9393885142;B
20240116;095944;582.750000000;4;9393885143;B
20240116;095944;582.750000000;4;9393885144;B
20240116;095944;582.750000000;4;9393885145;B
20240116;095944;582.750000000;8;9393885146;B
20240116;095944;582.750000000;1;9393885147;S
20240116;095944;582.750000000;3;9393885148;S
20240116;095944;582.750000000;1;9393885149;S
20240116;095944;582.750000000;25;9393885150;S
20240116;095944;582.750000000;1;9393885151;S
20240116;095944;582.750000000;7;9393885152;S
20240116;095944;582.750000000;30;9393885153;S
20240116;095944;582.750000000;3;9393885154;S
20240116;095944;582.750000000;4;9393885155;S
20240116;095944;582.750000000;1;9393885156;S
20240116;095944;582.750000000;6;9393885157;S
20240116;095944;582.750000000;1;9393885158;S
20240116;095944;582.750000000;25;9393885159;S
20240116;095944;582.750000000;10;9393885160;S
20240116;095944;582.750000000;1;9393885161;S
20240116;095944;582.750000000;1;9393885162;S
20240116;095944;582.750000000;2;9393885163;S
20240116;095944;582.750000000;1;9393885164;S
20240116;095944;582.750000000;22;9393885165;S
20240116;095944;582.750000000;112;9393885166;S
20240116;095944;582.750000000;10;9393885167;S
20240116;095944;582.750000000;5;9393885168;S
20240116;095944;582.750000000;8;9393885169;S
20240116;095944;582.750000000;71;9393885170;S
20240116;095944;582.750000000;5;9393885171;S
20240116;095944;582.750000000;3;9393885172;S
20240116;095944;582.750000000;2;9393885173;S
20240116;095944;582.750000000;1;9393885174;S
20240116;095944;582.750000000;47;9393885175;S
20240116;095944;582.750000000;2;9393885176;S
20240116;095944;582.750000000;71;9393885177;S
20240116;095944;582.750000000;1;9393885178;S
20240116;095944;582.750000000;1;9393885179;S
20240116;095944;582.750000000;10;9393885180;S
20240116;095944;582.750000000;2;9393885181;S
20240116;095944;582.750000000;20;9393885182;S
20240116;095944;582.750000000;1;9393885183;S
20240116;095944;582.750000000;1;9393885184;S
20240116;095944;582.750000000;9;9393885185;S
20240116;095944;582.750000000;8;9393885186;S
20240116;095944;582.750000000;8;9393885187;S
20240116;095944;582.750000000;2;9393885188;S
20240116;095944;582.750000000;3;9393885189;S
20240116;095944;582.750000000;1;9393885190;S
20240116;095944;582.750000000;2;9393885191;S
20240116;095944;582.750000000;1;9393885192;S
20240116;095944;582.750000000;2;9393885193;S
20240116;095944;582.750000000;1;9393885194;S
20240116;095944;582.750000000;1;9393885195;B
20240116;095944;582.750000000;1;9393885196;B
20240116;095944;582.750000000;1;9393885197;B
20240116;095944;582.750000000;1;9393885198;B
20240116;095944;582.750000000;1;9393885199;B
20240116;095944;582.750000000;2;9393885200;B
20240116;095944;582.750000000;1;9393885201;B
20240116;095944;582.750000000;2;9393885202;B
20240116;095944;582.750000000;9;9393885203;B
20240116;095944;582.750000000;3;9393885204;B
20240116;095944;582.750000000;1;9393885205;B
20240116;095944;582.750000000;1;9393885206;B
20240116;095944;582.750000000;1;9393885207;B
20240116;095944;582.750000000;1;9393885208;B
20240116;095944;582.750000000;3;9393885209;S
20240116;095944;582.750000000;1;9393885210;S
20240116;095944;582.750000000;40;9393885211;S
20240116;095944;582.750000000;156;9393885212;S
20240116;095944;582.750000000;2;9393885213;B
20240116;095944;582.750000000;357;9393885214;S
20240116;095944;582.750000000;2;9393885215;S
20240116;095944;582.750000000;1;9393885216;S
20240116;095944;582.750000000;2;9393885217;S
20240116;095944;582.750000000;510;9393885218;S
20240116;095944;582.750000000;2;9393885219;S
20240116;095944;582.750000000;2;9393885220;S
20240116;095944;582.750000000;2;9393885221;S
20240116;095944;582.750000000;10;9393885222;S
20240116;095944;582.750000000;2;9393885223;S
20240116;095944;582.750000000;1;9393885224;S
20240116;095944;582.750000000;1;9393885225;S
20240116;095944;582.750000000;2;9393885226;S
20240116;095944;582.750000000;2;9393885227;S
20240116;095944;582.750000000;2;9393885228;S
20240116;095944;582.750000000;1;9393885229;S
20240116;095944;582.750000000;1;9393885230;S
20240116;095944;582.750000000;2;9393885231;S
20240116;095944;582.750000000;2;9393885232;S
20240116;095944;582.750000000;1;9393885233;S
20240116;095944;582.750000000;2;9393885234;S
20240116;095944;582.750000000;7;9393885235;S
20240116;095944;582.750000000;2;9393885236;S
20240116;095944;582.750000000;2;9393885237;S
20240116;095944;582.750000000;2;9393885238;S
20240116;095944;582.750000000;1;9393885239;S
20240116;095944;582.750000000;1;9393885240;S
20240116;095944;582.750000000;3;9393885241;S
20240116;095944;582.750000000;4;9393885242;S
20240116;095944;582.750000000;1;9393885243;S
20240116;095944;582.750000000;1;9393885244;S
20240116;095944;582.750000000;2;9393885245;S
20240116;095944;582.750000000;5;9393885246;S
20240116;095944;582.750000000;5;9393885247;S
20240116;095944;582.750000000;2;9393885248;S
20240116;095944;582.750000000;2;9393885249;S
20240116;095944;582.750000000;1;9393885250;S
20240116;095944;582.750000000;9;9393885251;S
20240116;095944;582.750000000;17;9393885252;S
20240116;095944;582.750000000;1;9393885253;S
20240116;095944;582.750000000;20;9393885254;S
20240116;095944;582.750000000;20;9393885255;S
20240116;095944;582.750000000;197;9393885256;S
20240116;095944;582.750000000;2;9393885257;S
20240116;095944;582.750000000;1;9393885258;S
20240116;095944;582.750000000;1;9393885259;B
20240116;095944;582.750000000;1;9393885260;B
20240116;095944;582.750000000;2;9393885261;B
20240116;095944;582.750000000;1;9393885262;B
20240116;095944;582.750000000;1;9393885263;B
20240116;095944;582.750000000;2;9393885264;B
20240116;095944;582.750000000;2;9393885265;B
20240116;095944;582.750000000;1;9393885266;S
20240116;095944;582.750000000;4;9393885267;S
20240116;095944;582.750000000;1;9393885268;B
20240116;095944;582.750000000;1;9393885269;B
20240116;095944;582.750000000;1;9393885270;S
20240116;095944;582.750000000;1;9393885271;S
20240116;095944;582.750000000;1;9393885272;S
20240116;095944;582.750000000;1;9393885273;S
20240116;095944;582.750000000;1;9393885274;S
20240116;095944;582.750000000;4;9393885275;S
20240116;095944;582.750000000;8;9393885276;S
20240116;095944;582.750000000;4;9393885277;S
20240116;095944;582.750000000;7;9393885278;S
20240116;095944;582.750000000;1;9393885279;S
20240116;095944;582.750000000;1;9393885280;S
20240116;095944;582.750000000;1;9393885281;S
20240116;095944;582.750000000;20;9393885282;S
20240116;095944;582.750000000;1;9393885283;S
20240116;095944;582.750000000;1;9393885284;S
20240116;095944;582.750000000;1;9393885285;S
20240116;095944;582.750000000;50;9393885286;S
20240116;095944;582.750000000;5;9393885287;S
20240116;095944;582.750000000;2;9393885288;S
20240116;095944;582.750000000;40;9393885289;S
20240116;095944;582.750000000;1;9393885290;S
20240116;095944;582.750000000;1;9393885291;S
20240116;095944;582.750000000;11;9393885292;S
20240116;095944;582.750000000;16;9393885293;S
20240116;095944;582.750000000;2;9393885294;B
20240116;095944;582.750000000;1;9393885295;B
20240116;095944;582.750000000;10;9393885296;B
20240116;095944;582.750000000;2;9393885297;B
20240116;095944;582.750000000;42;9393885298;B
20240116;095944;582.750000000;5;9393885299;B
20240116;095944;582.750000000;15;9393885300;S
20240116;095944;582.750000000;1;9393885301;S
20240116;095944;582.750000000;6;9393885302;S
20240116;095944;582.750000000;4;9393885303;S
20240116;095944;582.750000000;7;9393885304;B
20240116;095944;582.750000000;13;9393885305;B
20240116;095944;582.750000000;1;9393885306;S
20240116;095944;582.750000000;1;9393885307;B
20240116;095944;582.750000000;10;9393885308;B
20240116;095944;582.750000000;3;9393885309;S
20240116;095944;582.750000000;1;9393885310;B
20240116;095944;582.750000000;1;9393885311;S
20240116;095944;582.750000000;5;9393885312;S
20240116;095944;582.750000000;3;9393885313;S
20240116;095944;582.750000000;10;9393885314;S
20240116;095944;582.750000000;52;9393885315;S
20240116;095944;582.750000000;1;9393885316;S
20240116;095944;582.750000000;60;9393885317;S
20240116;095944;582.750000000;1;9393885318;S
20240116;095944;582.750000000;1;9393885319;S
20240116;095944;582.750000000;2;9393885320;S
20240116;095944;582.750000000;1;9393885321;S
20240116;095944;582.750000000;6;9393885322;S
20240116;095944;582.750000000;1;9393885323;S
20240116;095944;582.750000000;1;9393885324;S
20240116;095944;582.750000000;1;9393885325;S
20240116;100001;582.600000000;15;9393890549;B
20240116;100002;582.200000000;11;9393891219;S
20240116;100002;582.500000000;1;9393891227;B
20240116;100002;582.500000000;2;9393891367;B
20240116;100002;582.450000000;11;9393891444;B
20240116;100002;582.450000000;11;9393891453;B
20240116;100002;582.450000000;11;9393891460;B
20240116;100002;582.450000000;11;9393891464;B
20240116;100002;582.450000000;11;9393891465;B
20240116;100002;582.150000000;12;9393891525;S
20240116;100003;582.200000000;2;9393891775;S
20240116;100003;582.150000000;20;9393891776;S
20240116;100003;582.150000000;1;9393891829;S
20240116;100003;582.150000000;167;9393891858;S
20240116;100003;582.150000000;3;9393891859;S
20240116;100003;582.150000000;13;9393891860;S
20240116;100003;582.050000000;17;9393891861;S
20240116;100003;582.050000000;35;9393891933;S
20240116;100003;582.400000000;13;9393891944;B
20240116;100003;582.050000000;7;9393891959;S
20240116;100003;582.050000000;50;9393891960;S
20240116;100003;582.050000000;3;9393892066;S
20240116;100003;582.400000000;5;9393892102;B
20240116;100004;582.000000000;2;9393892371;S
20240116;100004;582.200000000;1;9393892372;B
20240116;100004;582.000000000;2;9393892373;S
20240116;100004;582.000000000;4;9393892374;S
20240116;100004;582.000000000;2;9393892375;S
20240116;100004;582.200000000;1;9393892378;B
20240116;100004;582.200000000;1;9393892379;B
20240116;100004;582.200000000;2;9393892381;B
20240116;100004;582.000000000;2;9393892382;S
20240116;100004;582.000000000;1;9393892473;S
20240116;100004;582.000000000;2;9393892474;S
20240116;100004;582.000000000;1;9393892475;S
20240116;100004;582.000000000;2;9393892476;S
20240116;100004;582.200000000;2;9393892477;B
20240116;100004;582.200000000;40;9393892619;B
20240116;100005;582.200000000;9;9393893058;B
20240116;100005;582.200000000;2;9393893151;B
20240116;100005;582.200000000;2;9393893157;B
20240116;100005;582.200000000;1;9393893158;B
20240116;100005;582.000000000;2;9393893292;S
20240116;100005;582.000000000;2;9393893298;S
20240116;100005;582.000000000;2;9393893306;S
20240116;100005;582.000000000;1;9393893308;S
20240116;100005;582.000000000;2;9393893310;S
20240116;100005;582.200000000;1;9393893314;B
20240116;100005;582.200000000;1;9393893319;B
20240116;100005;582.200000000;1;9393893322;B
20240116;100005;582.200000000;36;9393893344;B
20240116;100005;582.400000000;127;9393893345;B
20240116;100005;582.450000000;187;9393893346;B
20240116;100005;582.450000000;1;9393893477;B
20240116;100005;582.450000000;7;9393893481;B
20240116;100005;582.000000000;2;9393893482;S
20240116;100005;582.450000000;1;9393893484;B
20240116;100005;582.450000000;2;9393893487;B
20240116;100005;582.450000000;3;9393893514;B
20240116;100005;582.000000000;2;9393893515;S
20240116;100005;582.000000000;1;9393893537;S
20240116;100005;582.000000000;1;9393893538;S
20240116;100005;582.450000000;1;9393893541;B
20240116;100005;582.000000000;2;9393893545;S
20240116;100005;582.450000000;2;9393893551;B
20240116;100005;582.000000000;2;9393893552;S
20240116;100005;582.450000000;247;9393893554;B
20240116;100005;582.450000000;172;9393893555;B
20240116;100005;582.450000000;30;9393893556;B
20240116;100005;582.450000000;516;9393893557;B
20240116;100005;582.500000000;35;9393893558;B
20240116;100005;582.500000000;962;9393893788;B
20240116;100005;582.500000000;1;9393893789;B
20240116;100005;582.500000000;13;9393893790;B
20240116;100005;582.600000000;24;9393893791;B
20240116;100005;582.600000000;1;9393893858;B
20240116;100005;582.150000000;4;9393893860;S
20240116;100005;582.600000000;1;9393893862;B
20240116;100005;582.150000000;2;9393893863;S
20240116;100005;582.550000000;2;9393893865;B
20240116;100005;582.550000000;2;9393894091;B
20240116;100005;582.550000000;2;9393894092;B
20240116;100005;582.150000000;2;9393894093;S
20240116;100005;582.100000000;1;9393894096;S
20240116;100005;582.100000000;2;9393894097;S
20240116;100005;582.550000000;1;9393894098;B
20240116;100005;582.550000000;1;9393894099;B
20240116;100005;582.600000000;1;9393894100;B
20240116;100005;582.150000000;2;9393894101;S
20240116;100005;582.600000000;1;9393894102;B
20240116;100005;582.500000000;1;9393894317;B
20240116;100005;582.150000000;2;9393894323;S
20240116;100005;582.500000000;6;9393894332;B
20240116;100005;582.550000000;2;9393894334;B
20240116;100005;582.100000000;2;9393894335;S
20240116;100005;582.100000000;1;9393894336;S
20240116;100005;582.100000000;1;9393894341;S
20240116;100005;582.100000000;2;9393894351;S
20240116;100005;582.100000000;2;9393894352;S
20240116;100005;582.500000000;1;9393894353;B
20240116;100005;582.500000000;1;9393894355;B
20240116;100005;582.100000000;2;9393894358;S
20240116;100005;582.050000000;3;9393894360;S
20240116;100005;582.550000000;1;9393894364;B
20240116;100005;582.500000000;2;9393894366;B
20240116;100005;582.500000000;2;9393894368;B
20240116;100005;582.500000000;2;9393894371;B
20240116;100005;582.150000000;686;9393894384;S
20240116;100005;582.050000000;12;9393894385;S
20240116;100005;582.050000000;302;9393894386;S
20240116;100005;582.350000000;7;9393894516;B
20240116;100005;582.350000000;1;9393894518;B
20240116;100005;582.350000000;1;9393894521;B
20240116;100005;582.000000000;2;9393894534;S
20240116;100005;582.000000000;4;9393894536;S
20240116;100005;582.000000000;2;9393894537;S
20240116;100005;582.000000000;2;9393894538;S
20240116;100005;582.350000000;2;9393894540;B
20240116;100005;582.350000000;1;9393894542;B
20240116;100005;582.350000000;1;9393894544;B
20240116;100005;582.350000000;26;9393894546;B
20240116;100005;582.350000000;2;9393894547;B
20240116;100005;582.000000000;2;9393894548;S
20240116;100005;582.350000000;2;9393894550;B
20240116;100005;582.000000000;1;9393894552;S
20240116;100005;582.350000000;2;9393894607;B
20240116;100005;582.000000000;2;9393894610;S
20240116;100005;582.000000000;2;9393894611;S
20240116;100005;582.000000000;1;9393894614;S
20240116;100005;582.000000000;2;9393894616;S
20240116;100005;582.000000000;2;9393894617;S
20240116;100005;582.000000000;1;9393894721;S
20240116;100005;582.000000000;2;9393894723;S
20240116;100005;582.350000000;1;9393894724;B
20240116;100005;582.000000000;3;9393894727;S
20240116;100005;582.000000000;1;9393894728;S
20240116;100005;582.000000000;11;9393894729;S
20240116;100005;581.850000000;7;9393894730;S
20240116;100005;582.350000000;2;9393894731;B
20240116;100005;582.350000000;8;9393894734;B
20240116;100005;581.850000000;2;9393894736;S
20240116;100005;582.350000000;2;9393894737;B
20240116;100005;581.850000000;2;9393894738;S
20240116;100005;582.350000000;2;9393894739;B
20240116;100005;582.350000000;1;9393894839;B
20240116;100005;581.850000000;2;9393894840;S
20240116;100005;582.350000000;1;9393894844;B
20240116;100005;581.850000000;2;9393894845;S
20240116;100005;582.350000000;1;9393894846;B
20240116;100005;582.350000000;1;9393894854;B
20240116;100005;582.350000000;1;9393894855;B
20240116;100005;581.850000000;1;9393894856;S
20240116;100005;582.350000000;2;9393894857;B
20240116;100006;581.850000000;2;9393895010;S
20240116;100006;581.850000000;2;9393895011;S
20240116;100006;581.850000000;1;9393895014;S
20240116;100006;581.850000000;408;9393895015;S
20240116;100006;581.800000000;2;9393895016;S
20240116;100006;581.800000000;1;9393895017;S
20240116;100006;581.800000000;89;9393895018;S
20240116;100006;582.350000000;2;9393895021;B
20240116;100006;582.350000000;2;9393895022;B
20240116;100006;582.300000000;1;9393895149;B
20240116;100006;581.800000000;1;9393895150;S
20240116;100006;581.800000000;1;9393895151;S
20240116;100006;582.300000000;2;9393895154;B
20240116;100006;582.300000000;2;9393895155;B
20240116;100006;582.300000000;1;9393895156;B
20240116;100006;582.300000000;10;9393895157;B
20240116;100006;582.300000000;2;9393895158;B
20240116;100006;581.800000000;1;9393895642;S
20240116;100006;582.300000000;1;9393895643;B
20240116;100006;582.300000000;1;9393895645;B
20240116;100006;581.800000000;12;9393895649;S
20240116;100006;582.300000000;2;9393895651;B
20240116;100006;582.300000000;2;9393895652;B
20240116;100006;582.300000000;3;9393895709;B
20240116;100006;582.300000000;2;9393895717;B
20240116;100006;581.800000000;2;9393895719;S
20240116;100006;581.800000000;2;9393895724;S
20240116;100006;581.800000000;2;9393895726;S
20240116;100006;581.800000000;2;9393895728;S
20240116;100006;582.300000000;2;9393895730;B
20240116;100006;582.300000000;1;9393895739;B
20240116;100006;582.300000000;1;9393895744;B
20240116;100006;581.800000000;2;9393895746;S
20240116;100006;581.800000000;2;9393895748;S
20240116;100006;581.800000000;2;9393895752;S
20240116;100006;582.300000000;2;9393895836;B
20240116;100006;582.300000000;1;9393895904;B
20240116;100006;582.300000000;1;9393895907;B
20240116;100006;581.800000000;4;9393895909;S
20240116;100006;582.300000000;1;9393895911;B
20240116;100006;582.300000000;1;9393895913;B
20240116;100006;582.300000000;2;9393895915;B
20240116;100007;582.300000000;1;9393895974;B
20240116;100007;582.300000000;1;9393895976;B
20240116;100007;582.300000000;1;9393895977;B
20240116;100007;581.800000000;15;9393895978;S
20240116;100007;581.800000000;5;9393895979;S
20240116;100007;581.750000000;1;9393895980;S
20240116;100007;581.750000000;2;9393895981;S
20240116;100007;581.750000000;2;9393895982;S
20240116;100007;582.300000000;2;9393895983;B
20240116;100007;582.000000000;2;9393896199;S
20240116;100007;582.300000000;1;9393896200;B
20240116;100007;582.300000000;1;9393896202;B
20240116;100007;582.300000000;1;9393896203;B
20240116;100007;582.000000000;2;9393896204;S
20240116;100007;582.000000000;2;9393896209;S
20240116;100007;582.000000000;2;9393896210;S
20240116;100007;582.000000000;1;9393896211;S
20240116;100008;582.300000000;1;9393896973;B
20240116;100008;582.300000000;1;9393896974;B
20240116;100008;582.300000000;1;9393896975;B
20240116;100008;582.300000000;1;9393896976;B
20240116;100008;582.000000000;2;9393896977;S
20240116;100008;582.000000000;2;9393896978;S
20240116;100008;582.000000000;2;9393896979;S
20240116;100008;582.000000000;2;9393896980;S
20240116;100008;582.000000000;2;9393896981;S
20240116;100008;582.000000000;1;9393896989;S
20240116;100008;581.850000000;9;9393896990;S
20240116;100009;581.800000000;21;9393897850;S
20240116;100009;581.800000000;1;9393897851;S
20240116;100009;581.750000000;38;9393897852;S
20240116;100009;581.800000000;1;9393898235;S
20240116;100009;581.750000000;199;9393898236;S
20240116;100011;582.150000000;8;9393899960;B
20240116;100012;582.100000000;60;9393900679;B
20240116;100012;582.150000000;15;9393900680;B
20240116;100012;582.200000000;76;9393900681;B
20240116;100015;582.100000000;2;9393902314;B
20240116;100017;582.100000000;1;9393902858;B
20240116;100017;581.800000000;3;9393902970;S
20240116;100018;582.100000000;57;9393902973;B
20240116;100018;582.250000000;7;9393902974;B
20240116;100020;582.300000000;14;9393903478;B
20240116;100020;582.100000000;3;9393903498;S
20240116;100023;582.200000000;138;9393904408;B
20240116;100023;582.250000000;13;9393904409;B
20240116;100023;582.300000000;11;9393904410;B
20240116;100023;582.350000000;60;9393904411;B
20240116;100023;582.400000000;45;9393904412;B
20240116;100023;582.400000000;138;9393904413;B
20240116;100025;582.100000000;50;9393904753;S
20240116;100025;582.100000000;5;9393904754;S
20240116;100025;582.100000000;10;9393904755;S
20240116;100025;582.200000000;2;9393904777;B
20240116;100025;582.200000000;58;9393904779;B
20240116;100025;582.250000000;13;9393904780;B
20240116;100025;582.400000000;172;9393904781;B
20240116;100025;582.400000000;612;9393904782;B
20240116;100025;582.400000000;145;9393904783;B
20240116;100025;582.100000000;4;9393904833;B
20240116;100026;582.150000000;1;9393905280;B
20240116;100027;582.150000000;3;9393905984;B
20240116;100029;581.950000000;13;9393906864;S
20240116;100029;581.900000000;11;9393906865;S
20240116;100030;581.900000000;39;9393907043;S
20240116;100030;581.900000000;4;9393907044;S
20240116;100030;581.850000000;1;9393907045;S
20240116;100030;581.850000000;1;9393907046;S
20240116;100030;581.850000000;205;9393907047;S
20240116;100032;581.800000000;1;9393907451;S
20240116;100034;581.800000000;10;9393907790;S
20240116;100035;581.800000000;343;9393907992;S
20240116;100036;582.000000000;3;9393908102;B
20240116;100036;582.000000000;2;9393908162;B
20240116;100036;582.150000000;2;9393908238;B
20240116;100037;582.100000000;2;9393908396;S
20240116;100037;581.850000000;5;9393908397;S
20240116;100039;582.250000000;1;9393908779;B
20240116;100039;582.250000000;1;9393908976;B
20240116;100039;581.800000000;1;9393908981;S
20240116;100039;581.800000000;5;9393909000;S
20240116;100040;582.250000000;4;9393909032;B
20240116;100040;582.250000000;12;9393909147;B
20240116;100040;582.250000000;4;9393909148;B
20240116;100041;582.000000000;2;9393909407;S
20240116;100041;581.850000000;12;9393909408;S
20240116;100041;581.800000000;45;9393909409;S
20240116;100041;581.800000000;41;9393909410;S
20240116;100043;581.800000000;5;9393909788;S
20240116;100043;582.150000000;2;9393909811;B
20240116;100044;582.100000000;2;9393909994;B
20240116;100044;582.100000000;34;9393910165;B
20240116;100045;581.800000000;4;9393910363;S
20240116;100045;581.800000000;12;9393910364;S
20240116;100045;581.750000000;77;9393910365;S
20240116;100047;582.100000000;10;9393910656;B
20240116;100048;582.000000000;250;9393910937;S
20240116;100048;582.000000000;1;9393911042;S
20240116;100049;582.000000000;2;9393911106;S
20240116;100050;582.050000000;3;9393911458;B
20240116;100051;582.050000000;3;9393911661;B
20240116;100052;582.050000000;15;9393911740;B
20240116;100053;582.050000000;1;9393911895;B
20240116;100053;582.000000000;3;9393912078;S
20240116;100055;582.000000000;25;9393912492;S
20240116;100055;582.000000000;1;9393912563;S
20240116;100056;582.000000000;18;9393912766;S
20240116;100056;581.850000000;1;9393912789;B
20240116;100057;581.600000000;10;9393912841;S
20240116;100058;581.600000000;1;9393913390;S
20240116;100058;581.600000000;1;9393913391;S
20240116;100058;581.850000000;12;9393913400;B
20240116;100059;581.550000000;11;9393913533;S
20240116;100059;581.850000000;30;9393913721;B
20240116;100100;581.800000000;11;9393914052;B
20240116;100100;581.850000000;19;9393914053;B
20240116;100100;581.900000000;12;9393914054;B
20240116;100100;581.950000000;77;9393914055;B
20240116;100100;581.950000000;172;9393914056;B
20240116;100100;582.000000000;10;9393914057;B
20240116;100100;582.000000000;199;9393914058;B
20240116;100101;581.950000000;15;9393921163;B
20240116;100102;581.950000000;20;9393924257;B
20240116;100104;581.850000000;1;9393924417;S
20240116;100104;581.800000000;1;9393924418;S
20240116;100104;581.650000000;1;9393924419;S
20240116;100106;581.850000000;1;9393924662;B
20240116;100106;581.800000000;2;9393924722;S
20240116;100106;581.600000000;11;9393924723;S
20240116;100106;581.550000000;487;9393924724;S
20240116;100108;581.900000000;11;9393925149;B
20240116;100108;581.950000000;19;9393925150;B
20240116;100110;581.950000000;1;9393925432;B
20240116;100110;581.950000000;1;9393925471;B
20240116;100111;581.600000000;2;9393925724;B
20240116;100112;581.550000000;5;9393925813;S
20240116;100114;581.600000000;4;9393926053;B
20240116;100118;581.550000000;1;9393926583;B
20240116;100118;581.550000000;2;9393926687;B
20240116;100118;581.550000000;1;9393926703;B
20240116;100118;581.550000000;3;9393926708;B
20240116;100120;581.500000000;2;9393927006;S
20240116;100120;581.500000000;9;9393927007;S
20240116;100120;581.550000000;3;9393927051;B
20240116;100122;581.500000000;11;9393927280;S
20240116;100122;581.500000000;3;9393927281;S
20240116;100122;581.500000000;3;9393927282;S
20240116;100122;581.500000000;28;9393927283;S
20240116;100122;581.500000000;5;9393927284;S
20240116;100122;581.550000000;1;9393927358;B
20240116;100122;581.550000000;10;9393927367;B
20240116;100123;581.550000000;1;9393927368;B
20240116;100124;581.550000000;1;9393927575;B
20240116;100125;581.500000000;95;9393927695;S
20240116;100125;581.500000000;1;9393927696;S
20240116;100125;581.500000000;1;9393927697;S
20240116;100125;581.450000000;5;9393927698;S
20240116;100125;581.500000000;8;9393927798;B
20240116;100127;581.500000000;10;9393928111;B
20240116;100128;581.500000000;10;9393928141;B
20240116;100128;581.450000000;1;9393928165;S
20240116;100129;581.500000000;60;9393928321;B
20240116;100131;581.450000000;4;9393928463;S
20240116;100131;581.450000000;10;9393928464;S
20240116;100131;581.450000000;5;9393928465;S
20240116;100131;581.450000000;5;9393928466;S
20240116;100131;581.450000000;11;9393928467;S
20240116;100131;581.400000000;1;9393928468;S
20240116;100131;581.400000000;1;9393928469;S
20240116;100131;581.400000000;1;9393928470;S
20240116;100131;581.400000000;2;9393928471;S
20240116;100131;581.400000000;1;9393928472;S
20240116;100131;581.400000000;3;9393928473;S
20240116;100131;581.400000000;3;9393928474;S
20240116;100131;581.400000000;1;9393928475;S
20240116;100131;581.400000000;1;9393928476;S
20240116;100131;581.400000000;1;9393928477;S
20240116;100131;581.400000000;2;9393928478;S
20240116;100131;581.400000000;1;9393928479;S
20240116;100131;581.400000000;1;9393928480;S
20240116;100131;581.400000000;1;9393928481;S
20240116;100131;581.400000000;1;9393928482;S
20240116;100131;581.400000000;1;9393928483;S
20240116;100131;581.400000000;1;9393928484;S
20240116;100131;581.400000000;2;9393928485;S
20240116;100131;581.400000000;2;9393928486;S
20240116;100131;581.400000000;1;9393928487;S
20240116;100131;581.400000000;2;9393928488;S
20240116;100131;581.400000000;5;9393928489;S
20240116;100131;581.400000000;25;9393928490;S
20240116;100131;581.400000000;2;9393928491;S
20240116;100131;581.400000000;1;9393928492;S
20240116;100131;581.400000000;2;9393928493;S
20240116;100131;581.400000000;2;9393928494;S
20240116;100131;581.400000000;4;9393928495;S
20240116;100131;581.400000000;1;9393928496;S
20240116;100131;581.400000000;2;9393928497;S
20240116;100131;581.400000000;1;9393928498;S
20240116;100131;581.400000000;1;9393928499;S
20240116;100131;581.400000000;5;9393928500;S
20240116;100131;581.400000000;1;9393928501;S
20240116;100131;581.400000000;50;9393928502;S
20240116;100131;581.400000000;2;9393928503;S
20240116;100131;581.400000000;149;9393928504;S
20240116;100131;581.500000000;1;9393928523;B
20240116;100131;581.500000000;10;9393928542;B
20240116;100132;581.400000000;100;9393928779;S
20240116;100134;581.450000000;12;9393929253;B
20240116;100134;581.500000000;88;9393929254;B
20240116;100137;581.450000000;2;9393929606;B
20240116;100138;581.500000000;1;9393929805;B
20240116;100138;581.500000000;1;9393929809;B
20240116;100141;581.450000000;4;9393930310;B
20240116;100142;581.500000000;1;9393930454;B
20240116;100142;581.500000000;1;9393930514;B
20240116;100144;581.400000000;1;9393930802;S
20240116;100145;581.450000000;1;9393930818;B
20240116;100145;581.400000000;13;9393930831;S
20240116;100147;581.450000000;1;9393931105;B
20240116;100147;581.450000000;1;9393931107;B
20240116;100147;581.400000000;8;9393931112;S
20240116;100147;581.400000000;245;9393931170;S
20240116;100147;581.400000000;4;9393931171;S
20240116;100147;581.400000000;7;9393931172;S
20240116;100147;581.400000000;1;9393931173;S
20240116;100147;581.400000000;9;9393931174;S
20240116;100147;581.400000000;100;9393931175;S
20240116;100147;581.400000000;100;9393931176;S
20240116;100147;581.400000000;60;9393931177;S
20240116;100147;581.400000000;1;9393931178;S
20240116;100147;581.400000000;50;9393931179;S
20240116;100147;581.400000000;1;9393931180;S
20240116;100147;581.400000000;5;9393931181;S
20240116;100147;581.400000000;2;9393931182;S
20240116;100147;581.400000000;50;9393931183;S
20240116;100147;581.400000000;50;9393931184;S
20240116;100147;581.400000000;2;9393931185;S
20240116;100147;581.350000000;12;9393931186;S
20240116;100147;581.300000000;2;9393931187;S
20240116;100147;581.300000000;2;9393931188;S
20240116;100147;581.300000000;10;9393931189;S
20240116;100147;581.250000000;1;9393931190;S
20240116;100147;581.250000000;4;9393931191;S
20240116;100147;581.250000000;2;9393931192;S
20240116;100147;581.200000000;1;9393931193;S
20240116;100147;581.150000000;2;9393931194;S
20240116;100147;581.150000000;10;9393931195;S
20240116;100147;581.150000000;20;9393931196;S
20240116;100147;581.150000000;1;9393931197;S
20240116;100147;581.150000000;1;9393931198;S
20240116;100147;581.150000000;12;9393931199;S
20240116;100147;581.150000000;5;9393931200;S
20240116;100147;581.150000000;1;9393931201;S
20240116;100147;581.150000000;1;9393931202;S
20240116;100147;581.150000000;1;9393931203;S
20240116;100147;581.150000000;1;9393931204;S
20240116;100147;581.150000000;1;9393931205;S
20240116;100147;581.150000000;10;9393931206;S
20240116;100147;581.100000000;6;9393931207;S
20240116;100147;581.100000000;5;9393931208;S
20240116;100147;581.100000000;85;9393931209;S
20240116;100147;581.100000000;137;9393931210;S
20240116;100147;581.100000000;239;9393931211;S
20240116;100147;581.100000000;241;9393931212;S
20240116;100147;581.050000000;1;9393931218;S
20240116;100147;581.050000000;1;9393931219;S
20240116;100147;581.050000000;1;9393931220;S
20240116;100147;581.050000000;49;9393931265;S
20240116;100147;581.050000000;51;9393931266;S
20240116;100147;581.050000000;1;9393931267;S
20240116;100149;581.350000000;4;9393931497;S
20240116;100153;581.350000000;4;9393931951;B
20240116;100153;581.150000000;1;9393932040;S
20240116;100153;581.150000000;9;9393932041;S
20240116;100155;581.350000000;1;9393932257;B
20240116;100158;581.350000000;4;9393932618;B
20240116;100158;581.350000000;6;9393932619;B
20240116;100158;581.350000000;1;9393932673;B
20240116;100159;581.450000000;2;9393932747;B
20240116;100159;581.450000000;1;9393932759;B
20240116;100203;581.400000000;6;9393933332;B
20240116;100204;581.400000000;3;9393933449;B
20240116;100205;581.350000000;1;9393933571;B
20240116;100207;581.350000000;3;9393933867;B
20240116;100207;581.400000000;7;9393933868;B
20240116;100207;581.100000000;13;9393933928;S
20240116;100207;581.100000000;119;9393933929;S
20240116;100207;581.100000000;150;9393933930;S
20240116;100207;581.050000000;1;9393933931;S
20240116;100207;581.050000000;17;9393933932;S
20240116;100208;581.100000000;60;9393934155;S
20240116;100208;581.100000000;39;9393934156;S
20240116;100210;581.350000000;1;9393934340;B
20240116;100211;581.350000000;7;9393934526;B
20240116;100213;581.100000000;13;9393934737;S
20240116;100213;581.100000000;23;9393934738;S
20240116;100215;581.100000000;127;9393935025;S
20240116;100215;581.100000000;30;9393935026;S
20240116;100215;581.100000000;5;9393935027;S
20240116;100215;581.100000000;5;9393935028;S
20240116;100215;581.050000000;270;9393935029;S
20240116;100215;581.100000000;15;9393935048;S
20240116;100215;581.050000000;35;9393935049;S
20240116;100223;581.350000000;2;9393936389;B
20240116;100225;581.150000000;13;9393936621;S
20240116;100225;581.150000000;2;9393936622;S
20240116;100225;581.150000000;150;9393936623;S
20240116;100225;581.100000000;7;9393936624;S
20240116;100225;581.050000000;214;9393936625;S
20240116;100231;581.350000000;8;9393937468;B
20240116;100232;581.350000000;1;9393937558;B
20240116;100235;581.100000000;2;9393938030;S
20240116;100236;581.350000000;10;9393938166;B
20240116;100237;581.350000000;1;9393938253;B
20240116;100237;581.350000000;6;9393938254;B
20240116;100242;581.150000000;5;9393939185;S
20240116;100242;581.100000000;11;9393939186;S
20240116;100242;581.100000000;4;9393939187;S
20240116;100242;581.050000000;38;9393939188;S
20240116;100242;581.100000000;172;9393939215;B
20240116;100242;581.350000000;2;9393939242;B
20240116;100244;581.100000000;4;9393939667;S
20240116;100247;581.200000000;12;9393939981;B
20240116;100247;581.150000000;5;9393940079;B
20240116;100247;581.200000000;5;9393940091;B
20240116;100249;581.200000000;2;9393940359;B
20240116;100250;581.100000000;25;9393940568;S
20240116;100255;581.100000000;4;9393941273;S
20240116;100300;581.150000000;1;9393942161;B
20240116;100300;581.200000000;1;9393942162;B
20240116;100301;581.100000000;17;9393942275;S
20240116;100301;581.100000000;13;9393942276;S
20240116;100301;581.100000000;20;9393942277;S
20240116;100302;581.200000000;10;9393942387;B
20240116;100303;581.150000000;1;9393942564;S
20240116;100303;581.150000000;9;9393942718;S
20240116;100305;581.200000000;1;9393943005;B
20240116;100305;581.200000000;1;9393943014;B
20240116;100307;581.150000000;100;9393943504;S
20240116;100307;581.150000000;14;9393943505;S
20240116;100308;581.200000000;2;9393943539;B
20240116;100309;581.150000000;1;9393943754;S
20240116;100309;581.200000000;1;9393943798;B
20240116;100309;581.150000000;2;9393943910;S
20240116;100310;581.150000000;155;9393943990;S
20240116;100310;581.100000000;24;9393943991;S
20240116;100312;581.200000000;20;9393944293;B
20240116;100312;581.200000000;1;9393944339;B
20240116;100313;581.200000000;3;9393944419;B
20240116;100313;581.200000000;12;9393944449;B
20240116;100313;581.200000000;330;9393944502;B
20240116;100313;581.200000000;2;9393944503;B
20240116;100313;581.300000000;13;9393944504;B
20240116;100313;581.350000000;85;9393944505;B
20240116;100315;581.150000000;2;9393944718;S
20240116;100315;581.200000000;3;9393944757;B
20240116;100317;581.350000000;1;9393945151;B
20240116;100319;581.350000000;6;9393945425;B
20240116;100319;581.350000000;1;9393945426;B
20240116;100319;581.350000000;1;9393945427;B
20240116;100319;581.350000000;10;9393945428;B
20240116;100319;581.350000000;39;9393945429;S
20240116;100323;581.200000000;1;9393946082;S
20240116;100324;581.200000000;26;9393946306;S
20240116;100324;581.200000000;1;9393946307;S
20240116;100324;581.200000000;100;9393946308;S
20240116;100324;581.150000000;8;9393946309;S
20240116;100324;581.150000000;11;9393946310;S
20240116;100324;581.150000000;1;9393946311;S
20240116;100324;581.150000000;20;9393946312;S
20240116;100324;581.150000000;2;9393946313;S
20240116;100324;581.150000000;172;9393946314;S
20240116;100324;581.100000000;56;9393946315;S
20240116;100324;581.100000000;100;9393946316;S
20240116;100324;581.100000000;349;9393946317;S
20240116;100324;581.100000000;22;9393946318;S
20240116;100324;581.100000000;132;9393946319;S
20240116;100331;581.050000000;11;9393947228;S
20240116;100331;581.100000000;1;9393947295;B
20240116;100334;581.050000000;44;9393947668;S
20240116;100334;581.050000000;2;9393947669;S
20240116;100334;581.050000000;2;9393947670;S
20240116;100334;581.050000000;1;9393947671;S
20240116;100334;581.050000000;1;9393947672;S
20240116;100335;581.000000000;4;9393947799;S
20240116;100335;581.000000000;8;9393947818;S
20240116;100335;581.000000000;1;9393947819;S
20240116;100335;581.000000000;1;9393947820;S
20240116;100335;581.000000000;4;9393947821;S
20240116;100335;581.000000000;20;9393947822;S
20240116;100335;581.000000000;2;9393947823;S
20240116;100335;581.000000000;1;9393947824;S
20240116;100335;581.000000000;5;9393947825;S
20240116;100335;581.000000000;2;9393947826;S
20240116;100335;581.000000000;1;9393947827;S
20240116;100335;581.000000000;88;9393947828;S
20240116;100335;581.000000000;1;9393947861;S
20240116;100335;581.000000000;11;9393947909;S
20240116;100335;581.000000000;1;9393947910;S
20240116;100335;581.000000000;100;9393947911;S
20240116;100335;581.000000000;1;9393947912;S
20240116;100335;581.000000000;8;9393947913;S
20240116;100335;581.000000000;2;9393947914;S
20240116;100335;581.000000000;1;9393947915;S
20240116;100335;581.000000000;150;9393947916;S
20240116;100335;581.000000000;100;9393947917;S
20240116;100335;581.000000000;3;9393947918;S
20240116;100335;581.000000000;123;9393947919;S
20240116;100336;581.000000000;5;9393947941;S
20240116;100336;581.050000000;1;9393947945;B
20240116;100336;581.050000000;4;9393947946;B
20240116;100336;581.050000000;2;9393948018;B
20240116;100336;581.000000000;79;9393948019;S
20240116;100337;581.050000000;30;9393948300;B
20240116;100340;581.000000000;2;9393948594;S
20240116;100340;581.000000000;291;9393948597;S
20240116;100340;581.000000000;1;9393948598;S
20240116;100340;581.000000000;2;9393948599;S
20240116;100340;581.000000000;6;9393948600;S
20240116;100340;581.000000000;1;9393948621;S
20240116;100340;581.050000000;1;9393948625;B
20240116;100342;581.050000000;32;9393948824;B
20240116;100342;581.050000000;5;9393948825;B
20240116;100343;581.050000000;74;9393948906;S
20240116;100343;581.000000000;10;9393948907;S
20240116;100343;581.000000000;5;9393948908;S
20240116;100343;581.000000000;1;9393948909;S
20240116;100343;581.000000000;20;9393948910;S
20240116;100346;581.000000000;5;9393949395;S
20240116;100346;581.100000000;23;9393949397;B
20240116;100346;581.100000000;14;9393949398;B
20240116;100346;581.100000000;4;9393949462;B
20240116;100346;581.100000000;9;9393949463;B
20240116;100346;581.100000000;42;9393949464;B
20240116;100346;581.200000000;45;9393949465;B
20240116;100348;581.200000000;2;9393949739;B
20240116;100350;581.000000000;2;9393950041;S
20240116;100355;581.200000000;34;9393950589;B
20240116;100355;581.200000000;9;9393950590;B
20240116;100355;581.200000000;3;9393950591;B
20240116;100355;581.200000000;254;9393950592;B
20240116;100355;581.300000000;18;9393950603;B
20240116;100355;581.100000000;200;9393950626;S
20240116;100355;581.050000000;15;9393950627;S
20240116;100355;581.000000000;73;9393950628;S
20240116;100355;581.000000000;11;9393950629;S
20240116;100355;581.000000000;2;9393950630;S
20240116;100355;581.000000000;1;9393950631;S
20240116;100355;581.000000000;3;9393950632;S
20240116;100355;581.000000000;1;9393950633;S
20240116;100355;581.000000000;50;9393950634;S
20240116;100355;581.000000000;1;9393950635;S
20240116;100355;581.000000000;3;9393950636;S
20240116;100355;581.000000000;9;9393950637;S
20240116;100355;581.000000000;3;9393950638;S
20240116;100355;580.950000000;1;9393950639;S
20240116;100355;580.950000000;1;9393950640;S
20240116;100355;580.950000000;2;9393950641;S
20240116;100355;580.900000000;1;9393950642;S
20240116;100355;580.900000000;2;9393950643;S
20240116;100355;580.900000000;22;9393950644;S
20240116;100356;580.900000000;100;9393950739;B
20240116;100356;580.900000000;47;9393950740;B
20240116;100357;580.900000000;53;9393950979;S
20240116;100357;580.900000000;100;9393950980;S
20240116;100357;580.900000000;15;9393950981;S
20240116;100358;581.250000000;1;9393950999;B
20240116;100400;580.900000000;3;9393951401;S
20240116;100401;580.900000000;82;9393951597;S
20240116;100401;580.900000000;18;9393951598;S
20240116;100403;581.150000000;9;9393952170;B
20240116;100403;581.200000000;172;9393952171;B
20240116;100403;581.200000000;6;9393952172;B
20240116;100403;581.200000000;45;9393952173;S
20240116;100405;581.200000000;38;9393952456;S
20240116;100405;581.200000000;20;9393952457;S
20240116;100405;581.300000000;1;9393952466;B
20240116;100408;581.200000000;5;9393953024;S
20240116;100408;581.200000000;1;9393953049;S
20240116;100408;581.200000000;254;9393953261;S
20240116;100408;581.100000000;1;9393953370;S
20240116;100408;580.950000000;9;9393953371;S
20240116;100408;580.900000000;16;9393953372;S
20240116;100409;581.200000000;1;9393953502;B
20240116;100409;580.900000000;62;9393953606;S
20240116;100409;580.900000000;60;9393953620;S
20240116;100409;580.900000000;44;9393953635;S
20240116;100409;580.900000000;1;9393953636;S
20240116;100409;580.800000000;1;9393953637;S
20240116;100409;580.800000000;2;9393953638;S
20240116;100409;580.800000000;1;9393953639;S
20240116;100409;580.800000000;5;9393953640;S
20240116;100409;580.800000000;1;9393953641;S
20240116;100409;580.800000000;145;9393953642;S
20240116;100409;580.800000000;60;9393953644;S
20240116;100410;580.800000000;60;9393953716;S
20240116;100410;580.900000000;60;9393953814;B
20240116;100410;580.900000000;60;9393953825;S
20240116;100410;580.900000000;60;9393953845;S
20240116;100410;580.900000000;20;9393953854;S
20240116;100410;580.800000000;40;9393953865;S
20240116;100410;580.800000000;60;9393953890;S
20240116;100410;580.800000000;60;9393953897;S
20240116;100410;580.800000000;1;9393953905;S
20240116;100410;580.800000000;60;9393953907;S
20240116;100411;580.800000000;60;9393953956;S
20240116;100411;580.800000000;60;9393953973;S
20240116;100411;580.800000000;60;9393953983;S
20240116;100411;580.800000000;60;9393954012;S
20240116;100411;580.800000000;60;9393954027;S
20240116;100411;580.850000000;2;9393954069;B
20240116;100411;580.800000000;58;9393954085;S
20240116;100411;580.800000000;60;9393954116;S
20240116;100412;580.800000000;60;9393954129;S
20240116;100412;580.800000000;36;9393954148;S
20240116;100412;580.800000000;24;9393954149;S
20240116;100412;580.800000000;176;9393954180;S
20240116;100412;580.800000000;8;9393954181;S
20240116;100412;580.750000000;5;9393954182;S
20240116;100412;580.750000000;2;9393954183;S
20240116;100412;580.700000000;1;9393954184;S
20240116;100412;580.700000000;9;9393954185;S
20240116;100412;580.650000000;430;9393954186;S
20240116;100412;580.600000000;2;9393954187;S
20240116;100412;580.600000000;92;9393954188;S
20240116;100413;580.750000000;5;9393954452;S
20240116;100414;580.600000000;1;9393954497;S
20240116;100415;580.700000000;9;9393954909;B
20240116;100415;580.700000000;4;9393954910;B
20240116;100416;580.700000000;2;9393955152;B
20240116;100417;580.700000000;7;9393955249;B
20240116;100418;580.600000000;100;9393955396;S
20240116;100418;580.600000000;60;9393955576;S
20240116;100419;580.600000000;1;9393955684;S
20240116;100419;580.600000000;7;9393955689;S
20240116;100419;580.650000000;2;9393955834;B
20240116;100419;580.600000000;39;9393955875;S
20240116;100419;580.600000000;2;9393955876;S
20240116;100419;580.600000000;4;9393955877;S
20240116;100419;580.600000000;5;9393955878;S
20240116;100420;580.600000000;60;9393955983;S
20240116;100421;580.600000000;40;9393956206;S
20240116;100421;580.600000000;45;9393956207;S
20240116;100422;580.650000000;9;9393956445;B
20240116;100422;580.650000000;9;9393956473;B
20240116;100423;580.700000000;12;9393956660;S
20240116;100423;580.750000000;13;9393956661;B
20240116;100424;580.700000000;1;9393956820;S
20240116;100424;580.750000000;1;9393956842;B
20240116;100425;580.700000000;78;9393956995;S
20240116;100425;580.700000000;2;9393957060;B
20240116;100426;580.700000000;1;9393957117;B
20240116;100426;580.600000000;5;9393957131;S
20240116;100427;580.600000000;2;9393957300;S
20240116;100427;580.600000000;10;9393957301;S
20240116;100427;580.600000000;6;9393957370;B
20240116;100428;580.600000000;1;9393957409;B
20240116;100429;580.600000000;180;9393957519;B
20240116;100430;580.600000000;13;9393957862;B
20240116;100431;580.600000000;30;9393957894;B
20240116;100431;580.550000000;1;9393957916;S
20240116;100431;580.550000000;49;9393957917;S
20240116;100432;580.550000000;48;9393958025;S
20240116;100432;580.600000000;2;9393958054;B
20240116;100432;580.550000000;500;9393958070;S
20240116;100432;580.550000000;61;9393958135;S
20240116;100433;580.550000000;60;9393958373;S
20240116;100433;580.600000000;2;9393958387;B
20240116;100434;580.600000000;3;9393958438;B
20240116;100434;580.600000000;5;9393958445;B
20240116;100434;580.600000000;2;9393958469;B
20240116;100434;580.550000000;48;9393958552;S
20240116;100434;580.550000000;60;9393958582;S
20240116;100435;580.550000000;60;9393958641;S
20240116;100435;580.550000000;60;9393958676;S
20240116;100436;580.550000000;60;9393958909;S
20240116;100436;580.600000000;1;9393958931;B
20240116;100437;580.550000000;60;9393959041;S
20240116;100437;580.550000000;20;9393959054;S
20240116;100438;580.550000000;60;9393959091;S
20240116;100438;580.550000000;60;9393959107;S
20240116;100438;580.550000000;60;9393959148;S
20240116;100438;580.550000000;60;9393959186;S
20240116;100438;580.550000000;60;9393959226;S
20240116;100439;580.550000000;1500;9393959390;S
20240116;100439;580.550000000;134;9393959391;S
20240116;100439;580.550000000;150;9393959392;S
20240116;100439;580.550000000;200;9393959393;S
20240116;100439;580.550000000;2;9393959394;S
20240116;100439;580.550000000;167;9393959395;S
20240116;100439;580.550000000;200;9393959396;S
20240116;100439;580.550000000;1;9393959397;S
20240116;100439;580.550000000;1;9393959398;S
20240116;100439;580.500000000;1;9393959404;S
20240116;100439;580.500000000;5;9393959405;S
20240116;100439;580.500000000;10;9393959406;S
20240116;100439;580.500000000;20;9393959407;S
20240116;100439;580.500000000;4;9393959408;S
20240116;100439;580.500000000;1;9393959409;S
20240116;100439;580.500000000;1;9393959410;S
20240116;100439;580.500000000;1;9393959411;S
20240116;100439;580.450000000;1;9393959413;S
20240116;100439;580.450000000;4;9393959414;S
20240116;100439;580.450000000;2;9393959415;S
20240116;100439;580.500000000;10;9393959423;B
20240116;100439;580.400000000;1;9393959428;S
20240116;100439;580.400000000;1;9393959429;S
20240116;100439;580.350000000;1;9393959430;S
20240116;100439;580.350000000;1;9393959431;S
20240116;100439;580.350000000;2;9393959432;S
20240116;100439;580.350000000;10;9393959433;S
20240116;100440;580.550000000;25;9393959516;B
20240116;100440;580.350000000;1;9393959520;S
20240116;100440;580.500000000;5;9393959539;S
20240116;100440;580.500000000;5;9393959548;S
20240116;100440;580.550000000;50;9393959561;B
20240116;100440;580.400000000;1;9393959566;S
20240116;100440;580.350000000;33;9393959567;S
20240116;100440;580.500000000;4;9393959570;S
20240116;100440;580.500000000;5;9393959578;S
20240116;100440;580.350000000;4;9393959608;S
20240116;100440;580.300000000;32;9393959609;S
20240116;100442;580.400000000;2;9393959929;S
20240116;100442;580.350000000;11;9393959930;S
20240116;100442;580.300000000;187;9393959931;S
20240116;100442;580.500000000;5;9393959952;B
20240116;100442;580.500000000;11;9393959953;B
20240116;100442;580.550000000;97;9393959954;B
20240116;100442;580.550000000;53;9393959955;B
20240116;100442;580.300000000;124;9393959968;S
20240116;100442;580.300000000;1;9393959969;S
20240116;100442;580.300000000;10;9393959970;S
20240116;100442;580.250000000;1;9393959971;S
20240116;100442;580.250000000;4;9393959972;S
20240116;100442;580.250000000;1;9393959973;S
20240116;100442;580.250000000;1;9393959974;S
20240116;100442;580.250000000;20;9393959975;S
20240116;100442;580.250000000;11;9393959976;S
20240116;100442;580.200000000;2;9393959977;S
20240116;100442;580.200000000;40;9393959978;S
20240116;100442;580.200000000;10;9393959979;S
20240116;100442;580.200000000;59;9393959980;S
20240116;100442;580.200000000;5;9393959981;S
20240116;100442;580.150000000;2;9393959982;S
20240116;100442;580.150000000;5;9393959983;S
20240116;100442;580.150000000;3;9393959984;S
20240116;100442;580.150000000;5;9393959985;S
20240116;100442;580.150000000;50;9393959986;S
20240116;100442;580.150000000;146;9393959987;S
20240116;100443;580.550000000;1;9393960051;B
20240116;100443;580.550000000;1;9393960061;B
20240116;100445;580.400000000;1;9393960282;S
20240116;100446;580.300000000;11;9393960632;S
20240116;100446;580.250000000;1;9393960633;S
20240116;100446;580.250000000;399;9393960657;S
20240116;100446;580.250000000;3;9393960658;S
20240116;100446;580.250000000;5;9393960659;S
20240116;100446;580.250000000;5;9393960660;S
20240116;100446;580.200000000;1;9393960661;S
20240116;100446;580.200000000;6;9393960662;S
20240116;100446;580.200000000;60;9393960663;S
20240116;100446;580.200000000;11;9393960664;S
20240116;100446;580.150000000;357;9393960665;S
20240116;100448;580.250000000;100;9393960953;S
20240116;100448;580.200000000;12;9393960954;S
20240116;100448;580.150000000;353;9393960955;S
20240116;100448;580.150000000;10;9393960956;S
20240116;100448;580.150000000;1586;9393960957;S
20240116;100450;580.500000000;11;9393961183;B
20240116;100450;580.500000000;89;9393961184;B
20240116;100451;580.500000000;1;9393961296;B
20240116;100451;580.500000000;2;9393961312;B
20240116;100455;580.250000000;50;9393962618;S
20240116;100456;580.500000000;2;9393962764;B
20240116;100456;580.550000000;8;9393962765;B
20240116;100456;580.550000000;15;9393963019;B
20240116;100458;580.250000000;150;9393963335;S
20240116;100501;580.500000000;1;9393963680;S
20240116;100501;580.300000000;6;9393963681;S
20240116;100501;580.250000000;246;9393963770;S
20240116;100501;580.250000000;70;9393963788;S
20240116;100503;580.250000000;2;9393963996;S
20240116;100503;580.450000000;1;9393963997;B
20240116;100503;580.450000000;2;9393964103;B
20240116;100504;580.250000000;1;9393964117;S
20240116;100505;580.450000000;1;9393964277;B
20240116;100506;580.300000000;5;9393964617;S
20240116;100506;580.300000000;7;9393964618;S
20240116;100506;580.300000000;5;9393964619;S
20240116;100506;580.250000000;83;9393964620;S
20240116;100509;580.250000000;20;9393965177;S
20240116;100510;580.300000000;1;9393965356;S
20240116;100510;580.300000000;5;9393965357;S
20240116;100510;580.300000000;5;9393965358;S
20240116;100510;580.250000000;2074;9393965359;S
20240116;100512;580.450000000;2;9393965946;B
20240116;100512;580.250000000;30;9393966143;S
20240116;100513;580.250000000;1000;9393966311;S
20240116;100514;580.250000000;20;9393966583;S
20240116;100515;580.450000000;1;9393966709;B
20240116;100517;580.250000000;150;9393966976;S
20240116;100517;580.250000000;48;9393967043;S
20240116;100517;580.450000000;1;9393967052;B
20240116;100519;580.450000000;66;9393967355;B
20240116;100520;580.250000000;75;9393967432;S
20240116;100520;580.250000000;56;9393967521;S
20240116;100522;580.250000000;60;9393967949;S
20240116;100522;580.250000000;60;9393967965;S
20240116;100522;580.250000000;60;9393968009;S
20240116;100523;580.250000000;60;9393968033;S
20240116;100523;580.250000000;60;9393968040;S
20240116;100523;580.250000000;60;9393968057;S
20240116;100523;580.250000000;60;9393968065;S
20240116;100523;580.300000000;60;9393968074;S
20240116;100523;580.450000000;3;9393968075;B
20240116;100523;580.300000000;60;9393968087;S
20240116;100523;580.300000000;60;9393968103;S
20240116;100523;580.300000000;60;9393968120;S
20240116;100523;580.300000000;60;9393968131;S
20240116;100523;580.450000000;1;9393968132;B
20240116;100523;580.300000000;60;9393968138;S
20240116;100523;580.300000000;40;9393968146;S
20240116;100523;580.250000000;5;9393968147;S
20240116;100523;580.250000000;15;9393968148;S
20240116;100523;580.250000000;25;9393968161;S
20240116;100523;580.250000000;35;9393968162;S
20240116;100524;580.250000000;15;9393968177;S
20240116;100524;580.250000000;2;9393968178;S
20240116;100524;580.250000000;43;9393968179;S
20240116;100524;580.250000000;60;9393968212;S
20240116;100524;580.250000000;60;9393968215;S
20240116;100524;580.250000000;37;9393968279;S
20240116;100524;580.250000000;2;9393968326;B
20240116;100525;580.200000000;14;9393968382;S
20240116;100525;580.200000000;7;9393968383;S
20240116;100525;580.250000000;2;9393968417;B
20240116;100526;580.250000000;58;9393968541;B
20240116;100526;580.200000000;1;9393968566;S
20240116;100526;580.200000000;79;9393968567;S
20240116;100526;580.200000000;30;9393968638;S
20240116;100529;580.450000000;6;9393969035;B
20240116;100531;580.350000000;17;9393969471;S
20240116;100531;580.350000000;10;9393969472;S
20240116;100531;580.300000000;50;9393969473;S
20240116;100531;580.250000000;150;9393969474;S
20240116;100531;580.200000000;13;9393969475;S
20240116;100531;580.400000000;2;9393969483;B
20240116;100531;580.200000000;38;9393969486;S
20240116;100532;580.350000000;1;9393969659;S
20240116;100533;580.350000000;40;9393969849;S
20240116;100534;580.350000000;9;9393969888;S
20240116;100534;580.300000000;1;9393969889;S
20240116;100534;580.400000000;15;9393969994;B
20240116;100535;580.400000000;2;9393970030;B
20240116;100536;580.250000000;200;9393970196;S
20240116;100536;580.250000000;10;9393970197;S
20240116;100536;580.250000000;50;9393970198;S
20240116;100536;580.200000000;240;9393970199;S
20240116;100536;580.400000000;20;9393970353;B
20240116;100537;580.200000000;82;9393970369;S
20240116;100537;580.400000000;3;9393970427;B
20240116;100538;580.250000000;3;9393970616;B
20240116;100539;580.250000000;2;9393970693;B
20240116;100539;580.350000000;3;9393970694;B
20240116;100540;580.400000000;1;9393970937;B
20240116;100541;580.300000000;5;9393971020;S
20240116;100543;580.400000000;2;9393971249;B
20240116;100544;580.450000000;10;9393971452;B
20240116;100550;580.300000000;17;9393972396;S
20240116;100550;580.300000000;150;9393972397;S
20240116;100550;580.300000000;50;9393972398;S
20240116;100550;580.300000000;1;9393972399;S
20240116;100550;580.250000000;2;9393972400;S
20240116;100550;580.250000000;780;9393972401;S
20240116;100552;580.250000000;2;9393972811;S
20240116;100552;580.400000000;2;9393972851;B
20240116;100555;580.300000000;17;9393973131;S
20240116;100555;580.300000000;129;9393973132;S
20240116;100555;580.250000000;18;9393973133;S
20240116;100555;580.250000000;1;9393973134;S
20240116;100555;580.250000000;1;9393973135;S
20240116;100555;580.250000000;2;9393973136;S
20240116;100555;580.200000000;332;9393973137;S
20240116;100558;580.400000000;2;9393973586;B
20240116;100601;580.450000000;1;9393974009;B
20240116;100604;580.450000000;3;9393974427;B
20240116;100604;580.300000000;6;9393974491;S
20240116;100605;580.450000000;1;9393974636;B
20240116;100608;580.300000000;38;9393975296;S
20240116;100609;580.300000000;6;9393975309;S
20240116;100609;580.300000000;50;9393975310;S
20240116;100609;580.250000000;200;9393975311;S
20240116;100609;580.250000000;30;9393975312;S
20240116;100609;580.250000000;17;9393975313;S
20240116;100609;580.250000000;47;9393975314;S
20240116;100611;580.250000000;2;9393975662;S
20240116;100611;580.450000000;2;9393975670;B
20240116;100612;580.250000000;10;9393975798;S
20240116;100612;580.450000000;133;9393975908;B
20240116;100612;580.450000000;1;9393975909;B
20240116;100612;580.450000000;5;9393975910;B
20240116;100613;580.500000000;15;9393975957;B
20240116;100613;580.600000000;543;9393975958;B
20240116;100613;580.600000000;9;9393975959;B
20240116;100613;580.600000000;1;9393975960;B
20240116;100613;580.600000000;1;9393975961;B
20240116;100613;580.600000000;137;9393975962;B
20240116;100613;580.650000000;294;9393975963;B
20240116;100613;580.450000000;1;9393976017;S
20240116;100613;580.450000000;40;9393976025;S
20240116;100613;580.450000000;2;9393976064;S
20240116;100614;580.450000000;318;9393976171;S
20240116;100614;580.450000000;17;9393976172;S
20240116;100614;580.450000000;4;9393976173;S
20240116;100614;580.300000000;64;9393976174;S
20240116;100614;580.300000000;172;9393976175;S
20240116;100614;580.300000000;1662;9393976176;B
20240116;100614;580.300000000;613;9393976177;B
20240116;100615;580.600000000;2;9393976243;B
20240116;100616;580.300000000;5;9393976382;S
20240116;100616;580.300000000;2;9393976383;S
20240116;100616;580.300000000;29;9393976384;B
20240116;100616;580.300000000;964;9393976385;B
20240116;100617;580.600000000;6;9393976445;B
20240116;100619;580.600000000;8;9393976641;B
20240116;100619;580.600000000;1;9393976675;B
20240116;100622;580.250000000;41;9393977098;S
20240116;100622;580.250000000;5;9393977099;S
20240116;100623;580.550000000;2;9393977155;B
20240116;100624;580.600000000;90;9393977328;B
20240116;100624;580.600000000;1;9393977377;B
20240116;100626;580.300000000;1;9393977616;S
20240116;100627;580.600000000;2;9393977769;B
20240116;100629;580.300000000;1;9393978070;S
20240116;100629;580.300000000;8;9393978071;S
20240116;100629;580.450000000;2;9393978107;B
20240116;100629;580.600000000;3;9393978108;B
20240116;100631;580.600000000;30;9393978364;B
20240116;100632;580.300000000;5;9393978537;S
20240116;100632;580.300000000;5;9393978538;S
20240116;100632;580.300000000;17;9393978539;S
20240116;100632;580.250000000;4;9393978540;S
20240116;100632;580.250000000;172;9393978541;S
20240116;100632;580.250000000;129;9393978542;S
20240116;100634;580.550000000;2;9393978804;B
20240116;100635;580.450000000;414;9393978961;S
20240116;100635;580.450000000;4;9393978962;S
20240116;100635;580.400000000;17;9393978963;S
20240116;100635;580.350000000;172;9393978964;S
20240116;100635;580.300000000;293;9393978965;S
20240116;100635;580.600000000;82;9393979004;B
20240116;100635;580.600000000;60;9393979005;B
20240116;100635;580.600000000;17;9393979006;B
20240116;100636;580.650000000;1;9393979043;B
20240116;100636;580.600000000;4;9393979065;S
20240116;100636;580.600000000;371;9393979122;S
20240116;100636;580.550000000;17;9393979123;S
20240116;100636;580.500000000;15;9393979124;S
20240116;100638;580.300000000;2;9393979450;S
20240116;100638;580.300000000;2;9393979451;S
20240116;100639;580.600000000;50;9393979734;B
20240116;100640;580.600000000;5;9393979883;B
20240116;100640;580.600000000;43;9393979884;B
20240116;100640;580.600000000;52;9393979885;S
20240116;100643;580.400000000;4;9393980352;S
20240116;100643;580.350000000;8;9393980353;S
20240116;100644;580.350000000;4;9393980465;S
20240116;100644;580.300000000;1;9393980466;S
20240116;100644;580.300000000;5;9393980467;S
20240116;100644;580.300000000;9;9393980468;S
20240116;100644;580.600000000;17;9393980539;B
20240116;100644;580.600000000;475;9393980540;B
20240116;100644;580.600000000;8;9393980541;B
20240116;100648;580.500000000;2;9393980934;S
20240116;100649;580.350000000;10;9393980988;S
20240116;100649;580.350000000;17;9393980989;S
20240116;100649;580.350000000;30;9393980990;S
20240116;100649;580.300000000;5;9393980991;S
20240116;100650;580.300000000;10;9393981092;S
20240116;100651;580.300000000;6;9393981264;S
20240116;100652;580.300000000;9;9393981568;S
20240116;100656;580.550000000;5;9393982220;B
20240116;100656;580.600000000;4;9393982221;B
20240116;100656;580.600000000;11;9393982222;B
20240116;100656;580.300000000;50;9393982291;S
20240116;100657;580.550000000;9;9393982466;B
20240116;100657;580.550000000;3;9393982489;B
20240116;100658;580.550000000;2;9393982514;B
20240116;100658;580.550000000;1;9393982604;B
20240116;100659;580.550000000;17;9393982760;B
20240116;100659;580.600000000;8;9393982761;B
20240116;100659;580.550000000;5;9393982820;B
20240116;100700;580.550000000;100;9393982978;B
20240116;100700;580.550000000;32;9393982979;B
20240116;100700;580.600000000;22;9393982980;B
20240116;100700;580.600000000;46;9393982981;B
20240116;100700;580.500000000;1;9393983026;S
20240116;100700;580.350000000;17;9393983027;S
20240116;100700;580.350000000;42;9393983028;S
20240116;100703;580.550000000;3;9393983640;B
20240116;100704;580.350000000;4;9393983833;S
20240116;100705;580.350000000;5;9393983857;B
20240116;100705;580.350000000;2;9393983914;B
20240116;100706;580.350000000;2;9393983933;B
20240116;100706;580.350000000;1;9393984047;B
20240116;100708;580.350000000;1;9393984287;B
20240116;100708;580.300000000;4;9393984390;S
20240116;100708;580.300000000;40;9393984391;S
20240116;100708;580.300000000;16;9393984392;S
20240116;100709;580.350000000;5;9393984516;B
20240116;100711;580.300000000;4;9393984736;S
20240116;100711;580.350000000;2;9393984812;B
20240116;100713;580.350000000;2;9393985070;B
20240116;100715;580.350000000;2;9393985360;B
20240116;100717;580.350000000;5;9393985586;B
20240116;100717;580.300000000;17;9393985627;S
20240116;100717;580.250000000;5;9393985628;S
20240116;100718;580.350000000;30;9393985654;B
20240116;100720;580.300000000;2;9393985957;S
20240116;100720;580.350000000;9;9393986041;B
20240116;100723;580.300000000;9;9393986630;S
20240116;100723;580.300000000;2;9393986643;B
20240116;100724;580.300000000;9;9393986720;B
20240116;100725;580.300000000;30;9393986795;B
20240116;100725;580.300000000;10;9393986867;B
20240116;100727;580.250000000;10;9393987073;S
20240116;100728;580.300000000;1;9393987249;B
20240116;100728;580.300000000;7;9393987260;B
20240116;100729;580.300000000;3;9393987321;S
20240116;100729;580.250000000;1;9393987322;S
20240116;100730;580.300000000;10;9393987453;B
20240116;100731;580.300000000;9;9393987762;B
20240116;100733;580.300000000;5;9393988008;B
20240116;100733;580.300000000;1;9393988009;B
20240116;100734;580.300000000;1;9393988085;B
20240116;100734;580.300000000;1;9393988086;B
20240116;100735;580.250000000;170;9393988232;S
20240116;100735;580.300000000;1;9393988275;B
20240116;100735;580.300000000;1;9393988279;B
20240116;100736;580.250000000;85;9393988391;S
20240116;100736;580.250000000;25;9393988392;S
20240116;100736;580.250000000;50;9393988393;S
20240116;100736;580.250000000;86;9393988394;S
20240116;100736;580.250000000;5;9393988395;S
20240116;100736;580.250000000;8;9393988396;S
20240116;100736;580.250000000;300;9393988397;S
20240116;100736;580.250000000;10;9393988398;S
20240116;100736;580.250000000;30;9393988399;S
20240116;100736;580.250000000;100;9393988400;S
20240116;100736;580.250000000;12;9393988401;S
20240116;100736;580.250000000;2;9393988402;S
20240116;100736;580.250000000;77;9393988403;S
20240116;100736;580.200000000;210;9393988404;S
20240116;100737;580.300000000;71;9393988572;B
20240116;100738;580.200000000;55;9393988650;S
20240116;100739;580.300000000;10;9393988829;B
20240116;100740;580.300000000;3;9393988870;B
20240116;100740;580.250000000;1;9393988871;S
20240116;100742;580.300000000;2;9393989262;B
20240116;100742;580.300000000;1;9393989294;B
20240116;100743;580.300000000;2;9393989481;B
20240116;100743;580.250000000;4;9393989504;S
20240116;100743;580.250000000;91;9393989505;S
20240116;100745;580.250000000;100;9393989665;S
20240116;100746;580.250000000;309;9393989788;S
20240116;100746;580.250000000;1;9393989789;S
20240116;100746;580.200000000;90;9393989790;S
20240116;100746;580.200000000;10;9393989860;S
20240116;100748;580.250000000;2;9393990025;B
20240116;100748;580.200000000;3821;9393990037;S
20240116;100748;580.200000000;5;9393990038;S
20240116;100748;580.200000000;100;9393990039;S
20240116;100748;580.200000000;8;9393990040;S
20240116;100748;580.200000000;6;9393990041;S
20240116;100748;580.200000000;450;9393990042;S
20240116;100748;580.200000000;200;9393990043;S
20240116;100748;580.200000000;5;9393990044;S
20240116;100748;580.200000000;20;9393990045;S
20240116;100748;580.200000000;5;9393990046;S
20240116;100748;580.200000000;1;9393990047;S
20240116;100748;580.200000000;1;9393990048;S
20240116;100748;580.150000000;933;9393990049;S
20240116;100748;580.150000000;2481;9393990088;S
20240116;100748;580.150000000;2;9393990089;S
20240116;100748;580.150000000;1;9393990090;S
20240116;100748;580.150000000;30;9393990091;S
20240116;100748;580.100000000;6;9393990092;S
20240116;100748;580.100000000;2;9393990093;S
20240116;100748;580.100000000;1;9393990094;S
20240116;100748;580.100000000;3032;9393990095;S
20240116;100748;580.100000000;1000;9393990113;S
20240116;100748;580.150000000;350;9393990125;B
20240116;100748;580.150000000;1;9393990145;B
20240116;100749;580.100000000;8;9393990154;S
20240116;100749;580.100000000;800;9393990211;S
20240116;100749;580.100000000;10;9393990242;S
20240116;100750;580.150000000;79;9393990352;B
20240116;100750;580.150000000;20;9393990353;B
20240116;100750;580.200000000;18;9393990354;B
20240116;100750;580.200000000;172;9393990355;B
20240116;100750;580.250000000;211;9393990356;B
20240116;100751;580.150000000;1;9393990427;B
20240116;100751;580.150000000;4;9393990554;B
20240116;100751;580.150000000;1;9393990555;B
20240116;100752;580.100000000;1;9393990688;S
20240116;100752;580.150000000;2;9393990715;B
20240116;100752;580.100000000;1;9393990758;S
20240116;100755;580.100000000;148;9393991197;S
20240116;100755;580.100000000;250;9393991198;S
20240116;100755;580.100000000;30;9393991199;S
20240116;100755;580.100000000;7;9393991200;S
20240116;100755;580.100000000;1;9393991201;S
20240116;100755;580.100000000;1;9393991202;S
20240116;100755;580.050000000;2;9393991203;S
20240116;100755;580.050000000;61;9393991204;S
20240116;100756;580.100000000;3;9393991304;B
20240116;100757;580.050000000;30;9393991397;S
20240116;100757;580.050000000;120;9393991408;S
20240116;100757;580.050000000;10;9393991429;S
20240116;100758;580.050000000;80;9393991463;S
20240116;100759;580.100000000;1;9393991623;B
20240116;100800;580.050000000;100;9393991885;S
20240116;100800;580.050000000;1;9393991900;S
20240116;100801;580.050000000;150;9393991916;S
20240116;100801;580.100000000;1;9393991982;B
20240116;100802;580.100000000;2;9393992077;B
20240116;100804;580.050000000;1;9393992396;S
20240116;100804;580.050000000;50;9393992425;S
20240116;100805;580.100000000;4;9393992456;B
20240116;100806;580.050000000;4;9393992577;S
20240116;100806;580.100000000;2;9393992605;B
20240116;100807;580.100000000;2;9393992686;B
20240116;100808;580.100000000;15;9393992869;B
20240116;100808;580.100000000;200;9393992870;B
20240116;100811;580.100000000;18;9393993092;S
20240116;100812;580.100000000;267;9393993168;S
20240116;100812;580.100000000;179;9393993169;S
20240116;100812;580.100000000;10;9393993170;S
20240116;100812;580.100000000;1;9393993171;S
20240116;100812;580.050000000;169;9393993172;S
20240116;100812;580.100000000;136;9393993192;S
20240116;100812;580.050000000;44;9393993193;S
20240116;100814;580.100000000;1;9393993397;S
20240116;100815;580.150000000;19;9393993470;B
20240116;100815;580.150000000;9;9393993471;B
20240116;100815;580.100000000;2;9393993550;S
20240116;100817;580.150000000;1;9393993660;B
20240116;100817;580.150000000;3;9393993747;B
20240116;100818;580.150000000;1;9393993808;B
20240116;100819;580.150000000;1;9393993937;B
20240116;100819;580.150000000;1;9393993943;B
20240116;100820;580.100000000;2;9393994182;S
20240116;100820;580.100000000;3;9393994183;S
20240116;100820;580.100000000;55;9393994188;B
20240116;100820;580.100000000;19;9393994189;B
20240116;100820;580.150000000;26;9393994190;B
20240116;100821;580.050000000;130;9393994279;S
20240116;100821;580.050000000;10;9393994280;S
20240116;100821;580.050000000;1;9393994281;S
20240116;100821;580.050000000;3;9393994282;S
20240116;100821;580.050000000;1;9393994283;S
20240116;100821;580.050000000;1;9393994284;S
20240116;100821;580.050000000;754;9393994285;S
20240116;100822;580.150000000;10;9393994413;B
20240116;100823;580.150000000;2;9393994566;B
20240116;100823;580.150000000;1;9393994632;B
20240116;100826;580.050000000;150;9393994891;S
20240116;100826;580.050000000;51;9393994909;S
20240116;100828;580.150000000;1;9393995159;B
20240116;100828;580.100000000;2;9393995168;S
20240116;100828;580.050000000;45;9393995169;S
20240116;100828;580.050000000;2;9393995170;S
20240116;100828;580.050000000;5;9393995171;S
20240116;100828;580.050000000;94;9393995172;S
20240116;100828;580.050000000;50;9393995173;S
20240116;100828;580.050000000;147;9393995174;S
20240116;100828;580.050000000;7;9393995175;S
20240116;100828;580.000000000;20;9393995176;S
20240116;100828;580.000000000;10;9393995177;S
20240116;100828;580.000000000;1;9393995178;S
20240116;100828;580.000000000;5;9393995179;S
20240116;100828;580.000000000;3;9393995180;S
20240116;100828;580.000000000;1;9393995181;S
20240116;100828;580.000000000;5;9393995182;S
20240116;100828;580.000000000;10;9393995183;S
20240116;100828;580.000000000;1;9393995184;S
20240116;100828;580.000000000;1;9393995185;S
20240116;100828;580.000000000;3;9393995186;S
20240116;100828;580.000000000;50;9393995187;S
20240116;100828;580.000000000;2;9393995188;S
20240116;100828;580.000000000;1;9393995189;S
20240116;100828;580.000000000;10;9393995190;S
20240116;100828;580.000000000;1;9393995191;S
20240116;100828;580.000000000;1;9393995192;S
20240116;100828;580.000000000;2;9393995193;S
20240116;100828;580.000000000;5;9393995194;S
20240116;100828;580.000000000;5;9393995195;S
20240116;100828;580.000000000;1;9393995196;S
20240116;100828;580.000000000;1;9393995197;S
20240116;100828;580.000000000;6;9393995198;S
20240116;100828;580.000000000;1;9393995199;S
20240116;100828;580.000000000;60;9393995200;S
20240116;100828;580.000000000;30;9393995201;S
20240116;100828;580.000000000;20;9393995202;S
20240116;100828;580.000000000;1;9393995203;S
20240116;100828;580.000000000;23;9393995204;S
20240116;100828;580.000000000;100;9393995205;S
20240116;100828;580.000000000;200;9393995206;S
20240116;100828;580.000000000;10;9393995207;S
20240116;100828;580.000000000;10;9393995208;S
20240116;100828;580.000000000;25;9393995209;S
20240116;100828;580.000000000;4;9393995210;S
20240116;100828;580.000000000;5;9393995211;S
20240116;100828;580.000000000;10;9393995212;S
20240116;100828;580.000000000;6;9393995213;S
20240116;100828;580.000000000;1;9393995214;S
20240116;100828;580.000000000;1;9393995215;S
20240116;100828;580.000000000;1;9393995216;S
20240116;100828;580.000000000;20;9393995217;S
20240116;100828;580.000000000;1;9393995218;S
20240116;100828;580.000000000;2;9393995219;S
20240116;100828;580.000000000;5;9393995220;S
20240116;100828;580.000000000;1;9393995221;S
20240116;100828;580.000000000;45;9393995222;S
20240116;100828;580.000000000;1;9393995223;S
20240116;100828;580.000000000;40;9393995224;S
20240116;100828;580.000000000;5;9393995225;S
20240116;100828;580.000000000;4;9393995226;S
20240116;100828;580.000000000;2;9393995227;S
20240116;100828;580.000000000;1;9393995228;S
20240116;100828;580.000000000;2;9393995229;S
20240116;100828;580.000000000;1;9393995230;S
20240116;100828;580.000000000;2;9393995231;S
20240116;100828;580.000000000;70;9393995232;S
20240116;100828;580.000000000;100;9393995233;S
20240116;100828;580.000000000;1;9393995234;S
20240116;100828;580.000000000;92;9393995235;S
20240116;100828;580.000000000;1;9393995311;S
20240116;100828;580.100000000;1;9393995312;B
20240116;100828;580.000000000;9;9393995313;S
20240116;100828;580.000000000;17;9393995318;S
20240116;100828;580.150000000;150;9393995327;B
20240116;100829;580.150000000;70;9393995352;B
20240116;100829;580.000000000;70;9393995356;S
20240116;100829;580.000000000;150;9393995367;S
20240116;100829;580.000000000;20;9393995404;S
20240116;100829;580.000000000;1141;9393995407;S
20240116;100829;580.000000000;10;9393995408;S
20240116;100829;580.000000000;1;9393995409;S
20240116;100829;580.000000000;1;9393995410;S
20240116;100829;580.000000000;5;9393995411;S
20240116;100829;580.000000000;1;9393995412;S
20240116;100829;580.000000000;500;9393995413;S
20240116;100829;580.000000000;1;9393995414;S
20240116;100829;580.000000000;1;9393995415;S
20240116;100829;580.000000000;1;9393995416;S
20240116;100829;580.000000000;9;9393995417;S
20240116;100829;580.000000000;5;9393995418;S
20240116;100829;580.000000000;1;9393995419;S
20240116;100829;580.000000000;1450;9393995420;S
20240116;100829;580.000000000;10;9393995421;S
20240116;100829;580.000000000;5;9393995422;S
20240116;100829;580.000000000;1;9393995423;S
20240116;100829;580.000000000;1;9393995424;S
20240116;100829;580.000000000;5;9393995425;S
20240116;100829;580.000000000;1;9393995426;S
20240116;100829;580.000000000;10;9393995427;S
20240116;100829;580.000000000;100;9393995428;S
20240116;100829;580.000000000;3;9393995429;S
20240116;100829;580.000000000;1;9393995430;S
20240116;100829;580.000000000;2;9393995431;S
20240116;100829;580.000000000;5;9393995432;S
20240116;100829;580.000000000;15;9393995433;S
20240116;100829;580.000000000;25;9393995434;S
20240116;100829;580.000000000;6;9393995435;S
20240116;100829;580.000000000;5;9393995436;S
20240116;100829;580.000000000;5;9393995437;S
20240116;100829;580.000000000;2;9393995438;S
20240116;100829;580.000000000;2;9393995439;S
20240116;100829;580.000000000;1;9393995440;S
20240116;100829;580.000000000;2;9393995441;S
20240116;100829;580.000000000;1;9393995442;S
20240116;100829;580.000000000;10;9393995443;S
20240116;100829;580.000000000;3;9393995444;S
20240116;100829;580.000000000;8;9393995445;S
20240116;100829;580.000000000;1;9393995446;S
20240116;100829;580.000000000;1;9393995447;S
20240116;100829;580.000000000;8;9393995448;S
20240116;100829;580.000000000;2;9393995449;S
20240116;100829;580.000000000;10;9393995450;S
20240116;100829;580.000000000;5;9393995451;S
20240116;100829;580.000000000;215;9393995452;S
20240116;100829;580.000000000;1;9393995453;S
20240116;100829;580.000000000;1;9393995454;S
20240116;100829;580.000000000;2;9393995455;S
20240116;100829;580.000000000;50;9393995456;S
20240116;100829;580.000000000;1;9393995457;S
20240116;100829;580.000000000;5;9393995458;S
20240116;100829;580.000000000;11;9393995459;S
20240116;100829;580.000000000;4;9393995460;S
20240116;100829;580.000000000;1;9393995461;S
20240116;100829;580.000000000;4;9393995462;S
20240116;100829;580.000000000;1;9393995463;S
20240116;100829;580.000000000;1;9393995464;S
20240116;100829;580.000000000;1;9393995465;S
20240116;100829;580.000000000;5;9393995466;S
20240116;100829;580.000000000;26;9393995467;S
20240116;100829;580.000000000;1;9393995468;S
20240116;100829;580.000000000;1;9393995469;S
20240116;100829;580.000000000;2;9393995470;S
20240116;100829;580.000000000;1;9393995471;S
20240116;100829;580.000000000;3;9393995472;S
20240116;100829;579.950000000;1;9393995473;S
20240116;100829;579.950000000;51;9393995474;S
20240116;100829;579.950000000;1;9393995475;S
20240116;100829;579.950000000;100;9393995476;S
20240116;100829;579.950000000;1;9393995477;S
20240116;100829;579.950000000;3;9393995478;S
20240116;100829;579.900000000;1;9393995479;S
20240116;100829;579.900000000;5;9393995480;S
20240116;100829;579.900000000;100;9393995481;S
20240116;100829;579.900000000;1;9393995482;S
20240116;100829;579.900000000;2;9393995483;S
20240116;100829;579.900000000;2;9393995484;S
20240116;100829;579.900000000;18;9393995485;S
20240116;100829;579.900000000;10;9393995486;S
20240116;100829;579.900000000;1000;9393995487;S
20240116;100829;579.850000000;3;9393995488;S
20240116;100829;579.850000000;1;9393995489;S
20240116;100829;579.850000000;3;9393995490;S
20240116;100829;579.850000000;30;9393995491;S
20240116;100829;579.850000000;430;9393995492;S
20240116;100829;579.850000000;2;9393995493;S
20240116;100829;579.800000000;1;9393995494;S
20240116;100829;579.800000000;1000;9393995495;S
20240116;100829;579.800000000;1;9393995496;S
20240116;100829;579.800000000;113;9393995497;S
20240116;100829;579.800000000;18;9393995498;S
20240116;100829;579.750000000;1;9393995499;S
20240116;100829;579.750000000;1;9393995500;S
20240116;100829;579.750000000;380;9393995501;S
20240116;100829;580.000000000;1;9393995502;S
20240116;100829;580.000000000;1;9393995504;S
20240116;100829;579.750000000;123;9393995505;S
20240116;100829;579.750000000;1;9393995507;S
20240116;100829;579.750000000;29;9393995508;S
20240116;100829;579.750000000;2;9393995509;S
20240116;100829;579.800000000;200;9393995525;B
20240116;100829;579.800000000;100;9393995526;B
20240116;100829;579.800000000;100;9393995527;B
20240116;100829;579.800000000;289;9393995528;B
20240116;100829;580.100000000;11;9393995529;S
20240116;100829;580.050000000;7;9393995533;S
20240116;100829;580.050000000;1;9393995538;S
20240116;100830;580.050000000;4;9393995563;S
20240116;100830;580.050000000;88;9393995571;S
20240116;100830;579.950000000;10;9393995572;S
20240116;100830;579.800000000;74;9393995573;S
20240116;100830;579.900000000;3;9393995574;S
20240116;100830;580.000000000;25;9393995582;S
20240116;100830;579.900000000;2;9393995583;S
20240116;100830;579.900000000;1;9393995584;S
20240116;100830;579.800000000;22;9393995585;S
20240116;100830;579.800000000;4;9393995588;S
20240116;100830;579.800000000;16;9393995589;S
20240116;100830;579.800000000;84;9393995603;S
20240116;100830;579.800000000;200;9393995604;S
20240116;100830;579.800000000;100;9393995605;S
20240116;100830;579.750000000;48;9393995606;S
20240116;100830;579.750000000;1;9393995607;S
20240116;100830;579.750000000;73;9393995608;S
20240116;100830;579.750000000;1;9393995609;S
20240116;100830;579.700000000;2;9393995610;S
20240116;100830;579.700000000;1;9393995611;S
20240116;100830;579.700000000;1;9393995612;S
20240116;100830;579.700000000;6;9393995613;S
20240116;100830;580.000000000;40;9393995615;B
20240116;100831;579.700000000;5;9393995755;S
20240116;100832;579.700000000;24;9393995829;S
20240116;100832;579.950000000;1;9393995846;B
20240116;100832;579.950000000;5;9393995857;B
20240116;100832;579.700000000;500;9393995903;S
20240116;100833;579.800000000;37;9393996084;S
20240116;100833;579.750000000;136;9393996085;S
20240116;100835;579.800000000;3;9393996230;B
20240116;100835;579.800000000;2;9393996236;B
20240116;100835;579.950000000;24;9393996237;B
20240116;100835;580.000000000;20;9393996238;B
20240116;100835;580.000000000;4;9393996239;B
20240116;100835;579.750000000;1;9393996255;S
20240116;100836;579.750000000;21;9393996446;S
20240116;100837;579.800000000;1;9393996590;B
20240116;100837;579.800000000;1;9393996595;B
20240116;100837;579.800000000;3;9393996612;B
20240116;100837;579.800000000;5;9393996613;B
20240116;100837;579.800000000;5;9393996614;B
20240116;100837;579.800000000;5;9393996615;B
20240116;100837;579.800000000;5;9393996616;B
20240116;100837;579.800000000;5;9393996617;B
20240116;100837;579.800000000;5;9393996618;B
20240116;100837;579.800000000;5;9393996619;B
20240116;100837;580.050000000;22;9393996620;B
20240116;100837;580.100000000;78;9393996621;B
20240116;100837;580.100000000;2;9393996670;B
20240116;100837;580.000000000;12;9393996671;S
20240116;100837;579.850000000;22;9393996672;S
20240116;100837;579.800000000;200;9393996673;S
20240116;100837;579.800000000;18;9393996674;S
20240116;100837;579.800000000;200;9393996675;S
20240116;100837;579.750000000;1548;9393996676;S
20240116;100839;579.850000000;20;9393996866;S
20240116;100839;579.800000000;20;9393996867;S
20240116;100839;579.750000000;490;9393996868;S
20240116;100840;580.050000000;22;9393996901;B
20240116;100840;580.100000000;92;9393996902;B
20240116;100840;580.100000000;431;9393996903;B
20240116;100840;580.150000000;124;9393996904;B
20240116;100840;580.200000000;12;9393996905;B
20240116;100840;580.250000000;114;9393996906;B
20240116;100840;580.250000000;20;9393996907;B
20240116;100840;580.250000000;46;9393996908;B
20240116;100840;579.800000000;15;9393996995;S
20240116;100840;579.800000000;18;9393996996;S
20240116;100842;579.800000000;28;9393997262;S
20240116;100842;579.800000000;50;9393997263;S
20240116;100842;579.800000000;8;9393997264;S
20240116;100843;579.800000000;1;9393997518;S
20240116;100843;579.800000000;30;9393997519;S
20240116;100843;579.800000000;59;9393997520;S
20240116;100843;579.750000000;260;9393997521;S
20240116;100845;579.800000000;5;9393997747;S
20240116;100845;579.750000000;65;9393997748;S
20240116;100845;579.750000000;24;9393997754;S
20240116;100845;579.750000000;500;9393997756;S
20240116;100847;579.850000000;4;9393998107;S
20240116;100850;579.850000000;11;9393998461;S
20240116;100851;579.800000000;2;9393998719;S
20240116;100851;579.800000000;4;9393998720;S
20240116;100851;579.750000000;6;9393998721;S
20240116;100851;579.750000000;3;9393998750;S
20240116;100852;579.850000000;5;9393998802;B
20240116;100853;579.800000000;1;9393998996;S
20240116;100853;579.750000000;128;9393998997;S
20240116;100853;579.800000000;1;9393999039;S
20240116;100854;579.850000000;1;9393999045;B
20240116;100854;579.950000000;22;9393999046;B
20240116;100854;579.950000000;172;9393999047;B
20240116;100854;580.000000000;1;9393999048;B
20240116;100854;580.000000000;4;9393999049;B
20240116;100854;579.950000000;1;9393999127;B
20240116;100854;579.800000000;9;9393999141;S
20240116;100854;579.800000000;22;9393999142;S
20240116;100854;579.800000000;1;9393999143;S
20240116;100854;579.750000000;19;9393999176;S
20240116;100854;579.800000000;2;9393999185;B
20240116;100855;579.800000000;1;9393999257;B
20240116;100856;579.750000000;8;9393999276;S
20240116;100856;579.750000000;150;9393999302;S
20240116;100856;579.750000000;60;9393999348;S
20240116;100857;579.800000000;3;9393999545;B
20240116;100858;579.800000000;1;9393999634;B
20240116;100859;579.800000000;10;9393999706;B
20240116;100859;579.800000000;1;9393999748;B
20240116;100901;579.800000000;4;9394000004;B
20240116;100901;579.800000000;1;9394000024;B
20240116;100903;579.750000000;50;9394000318;S
20240116;100903;579.750000000;50;9394000337;S
20240116;100905;579.750000000;6;9394000646;S
20240116;100905;579.800000000;1;9394000679;B
20240116;100905;579.750000000;100;9394000683;S
20240116;100905;579.800000000;2;9394000688;B
20240116;100905;579.800000000;2;9394000693;B
20240116;100906;579.800000000;1;9394000729;B
20240116;100906;579.750000000;2;9394000761;S
20240116;100906;579.800000000;634;9394000762;B
20240116;100906;579.800000000;5;9394000821;B
20240116;100907;579.750000000;50;9394000980;S
20240116;100907;579.800000000;5;9394000988;B
20240116;100907;579.750000000;912;9394001007;S
20240116;100908;579.800000000;100;9394001094;B
20240116;100909;579.800000000;1;9394001182;B
20240116;100909;579.800000000;2;9394001195;B
20240116;100909;579.750000000;1;9394001207;S
20240116;100909;579.750000000;100;9394001224;S
20240116;100912;579.800000000;1;9394001452;B
20240116;100912;579.750000000;310;9394001472;S
20240116;100912;579.750000000;2;9394001473;S
20240116;100912;579.750000000;1;9394001474;S
20240116;100912;579.750000000;1;9394001475;S
20240116;100912;579.750000000;30;9394001476;S
20240116;100913;579.750000000;1;9394001625;S
20240116;100914;579.750000000;10;9394001717;S
20240116;100914;579.750000000;9;9394001792;S
20240116;100914;579.750000000;10;9394001793;S
20240116;100914;579.750000000;4;9394001794;S
20240116;100914;579.750000000;10;9394001795;S
20240116;100914;579.750000000;5;9394001796;S
20240116;100914;579.750000000;10;9394001797;S
20240116;100914;579.700000000;452;9394001798;S
20240116;100915;579.700000000;7;9394001820;S
20240116;100915;579.750000000;5;9394001838;B
20240116;100915;579.700000000;20;9394001898;S
20240116;100916;579.700000000;36;9394001940;S
20240116;100916;579.750000000;2;9394002022;B
20240116;100917;579.750000000;1;9394002056;B
20240116;100917;579.750000000;1;9394002070;B
20240116;100917;579.750000000;1;9394002130;B
20240116;100917;579.750000000;1;9394002131;B
20240116;100918;579.750000000;1;9394002176;B
20240116;100918;579.700000000;867;9394002216;S
20240116;100919;579.750000000;3;9394002282;B
20240116;100919;579.750000000;20;9394002283;B
20240116;100919;579.750000000;10;9394002284;B
20240116;100919;579.750000000;17;9394002285;B
20240116;100919;579.750000000;100;9394002359;B
20240116;100920;579.750000000;100;9394002458;B
20240116;100921;579.700000000;10;9394002648;S
20240116;100921;579.750000000;4;9394002700;B
20240116;100921;579.750000000;4;9394002705;B
20240116;100921;579.700000000;23;9394002721;S
20240116;100924;579.750000000;600;9394003028;B
20240116;100925;579.750000000;2;9394003142;B
20240116;100926;579.750000000;1;9394003279;B
20240116;100926;579.750000000;2;9394003353;B
20240116;100926;579.700000000;1;9394003354;S
20240116;100927;579.750000000;4;9394003393;B
20240116;100929;579.700000000;2;9394003625;S
20240116;100929;579.700000000;1;9394003652;S
20240116;100929;579.750000000;40;9394003699;B
20240116;100931;579.700000000;1;9394003847;S
20240116;100932;579.750000000;1;9394004073;B
20240116;100933;579.700000000;1;9394004150;S
20240116;100933;579.750000000;2;9394004166;B
20240116;100934;579.750000000;1;9394004263;B
20240116;100934;579.700000000;44;9394004404;S
20240116;100934;579.700000000;41;9394004405;S
20240116;100935;579.750000000;50;9394004424;B
20240116;100935;579.750000000;3;9394004514;B
20240116;100937;579.750000000;86;9394004705;B
20240116;100937;579.750000000;23;9394004706;B
20240116;100937;579.750000000;21;9394004707;B
20240116;100937;579.750000000;2;9394004762;B
20240116;100938;579.750000000;1;9394004788;B
20240116;100938;579.700000000;2;9394004868;S
20240116;100939;579.700000000;2;9394004988;S
20240116;100940;579.750000000;1;9394005074;B
20240116;100940;579.700000000;3;9394005134;S
20240116;100941;579.700000000;22;9394005232;S
20240116;100942;579.700000000;5;9394005301;S
20240116;100943;579.750000000;1;9394005441;B
20240116;100944;579.700000000;1;9394005597;S
20240116;100944;579.750000000;1;9394005626;B
20240116;100944;579.700000000;10;9394005627;S
20240116;100945;579.700000000;1;9394005646;S
20240116;100945;579.700000000;11;9394005684;S
20240116;100945;579.750000000;3;9394005686;B
20240116;100945;579.750000000;2;9394005687;B
20240116;100946;579.700000000;2;9394005789;S
20240116;100946;579.700000000;50;9394005790;S
20240116;100946;579.700000000;1;9394005791;S
20240116;100946;579.700000000;1;9394005792;S
20240116;100946;579.700000000;1;9394005793;S
20240116;100946;579.700000000;10;9394005794;S
20240116;100946;579.700000000;1;9394005795;S
20240116;100946;579.700000000;10;9394005796;S
20240116;100946;579.700000000;10;9394005797;S
20240116;100946;579.700000000;122;9394005798;S
20240116;100946;579.700000000;25;9394005841;S
20240116;100947;579.750000000;1;9394005922;B
20240116;100947;579.700000000;41;9394005969;S
20240116;100948;579.700000000;7;9394005985;S
20240116;100948;579.750000000;1;9394006019;B
20240116;100948;579.750000000;2;9394006061;B
20240116;100948;579.750000000;2;9394006066;B
20240116;100949;579.750000000;1;9394006083;B
20240116;100949;579.700000000;305;9394006125;S
20240116;100949;579.700000000;10;9394006126;S
20240116;100949;579.700000000;2;9394006127;S
20240116;100949;579.700000000;20;9394006128;S
20240116;100949;579.700000000;9;9394006129;S
20240116;100949;579.700000000;10;9394006130;S
20240116;100949;579.700000000;100;9394006131;S
20240116;100949;579.700000000;1;9394006132;S
20240116;100949;579.700000000;100;9394006133;S
20240116;100949;579.700000000;1;9394006134;S
20240116;100949;579.700000000;1;9394006135;S
20240116;100949;579.650000000;1;9394006136;S
20240116;100949;579.650000000;1;9394006137;S
20240116;100949;579.650000000;30;9394006138;S
20240116;100949;579.650000000;13;9394006139;S
20240116;100949;579.650000000;120;9394006140;S
20240116;100949;579.650000000;5;9394006141;S
20240116;100949;579.650000000;3;9394006142;S
20240116;100949;579.650000000;1;9394006143;S
20240116;100949;579.650000000;10;9394006144;S
20240116;100949;579.600000000;4;9394006145;S
20240116;100949;579.600000000;1;9394006146;S
20240116;100949;579.600000000;1;9394006147;S
20240116;100949;579.600000000;2;9394006148;S
20240116;100949;579.600000000;1;9394006149;S
20240116;100949;579.600000000;2;9394006150;S
20240116;100949;579.600000000;1;9394006151;S
20240116;100949;579.600000000;1;9394006152;S
20240116;100949;579.600000000;1;9394006153;S
20240116;100949;579.600000000;1;9394006154;S
20240116;100949;579.600000000;2;9394006155;S
20240116;100949;579.600000000;2;9394006156;S
20240116;100949;579.600000000;1;9394006157;S
20240116;100949;579.600000000;5;9394006158;S
20240116;100949;579.600000000;2;9394006159;S
20240116;100949;579.600000000;1;9394006160;S
20240116;100949;579.600000000;1;9394006161;S
20240116;100949;579.600000000;1;9394006162;S
20240116;100949;579.600000000;2;9394006163;S
20240116;100949;579.600000000;2;9394006164;S
20240116;100949;579.600000000;2;9394006165;S
20240116;100949;579.600000000;2;9394006166;S
20240116;100949;579.600000000;2;9394006167;S
20240116;100949;579.600000000;7;9394006168;S
20240116;100949;579.600000000;1;9394006169;S
20240116;100949;579.600000000;2;9394006170;S
20240116;100949;579.600000000;2;9394006171;S
20240116;100949;579.600000000;12;9394006172;S
20240116;100949;579.600000000;5;9394006173;S
20240116;100949;579.600000000;2;9394006174;S
20240116;100949;579.600000000;1;9394006175;S
20240116;100949;579.600000000;1;9394006176;S
20240116;100949;579.600000000;46;9394006177;S
20240116;100949;579.600000000;3;9394006178;S
20240116;100949;579.600000000;1;9394006179;S
20240116;100949;579.600000000;1;9394006180;S
20240116;100949;579.600000000;1;9394006181;S
20240116;100949;579.600000000;1;9394006182;S
20240116;100949;579.600000000;1;9394006183;S
20240116;100949;579.600000000;1;9394006184;S
20240116;100949;579.600000000;2;9394006185;S
20240116;100949;579.600000000;2;9394006186;S
20240116;100949;579.600000000;2;9394006187;S
20240116;100949;579.600000000;6;9394006188;S
20240116;100949;579.600000000;5;9394006189;S
20240116;100949;579.600000000;1;9394006190;S
20240116;100949;579.600000000;1;9394006191;S
20240116;100949;579.600000000;1;9394006192;S
20240116;100949;579.600000000;2;9394006193;S
20240116;100949;579.600000000;1;9394006194;S
20240116;100949;579.600000000;1;9394006195;S
20240116;100949;579.600000000;2;9394006196;S
20240116;100949;579.600000000;4;9394006197;S
20240116;100949;579.600000000;2;9394006198;S
20240116;100949;579.600000000;2;9394006199;S
20240116;100949;579.600000000;2;9394006200;S
20240116;100949;579.600000000;1;9394006201;S
20240116;100949;579.600000000;2;9394006202;S
20240116;100949;579.600000000;1;9394006203;S
20240116;100949;579.600000000;1;9394006204;S
20240116;100949;579.600000000;1;9394006205;S
20240116;100949;579.600000000;1;9394006206;S
20240116;100949;579.600000000;2;9394006207;S
20240116;100949;579.600000000;1;9394006208;S
20240116;100949;579.600000000;4;9394006209;S
20240116;100949;579.600000000;1;9394006210;S
20240116;100949;579.600000000;1;9394006211;S
20240116;100949;579.600000000;1;9394006212;S
20240116;100949;579.600000000;2;9394006213;S
20240116;100949;579.600000000;1;9394006214;S
20240116;100949;579.600000000;1;9394006215;S
20240116;100949;579.600000000;6;9394006216;S
20240116;100949;579.600000000;2;9394006217;S
20240116;100949;579.600000000;50;9394006218;S
20240116;100949;579.600000000;2;9394006219;S
20240116;100949;579.600000000;2;9394006220;S
20240116;100949;579.600000000;1;9394006221;S
20240116;100949;579.600000000;1;9394006222;S
20240116;100949;579.600000000;2;9394006223;S
20240116;100949;579.600000000;1;9394006224;S
20240116;100949;579.600000000;2;9394006225;S
20240116;100949;579.600000000;1;9394006226;S
20240116;100949;579.600000000;3;9394006227;S
20240116;100949;579.600000000;2;9394006228;S
20240116;100949;579.600000000;1;9394006229;S
20240116;100949;579.600000000;2;9394006230;S
20240116;100949;579.600000000;1;9394006231;S
20240116;100949;579.600000000;1;9394006232;S
20240116;100949;579.600000000;10;9394006233;S
20240116;100949;579.600000000;1;9394006234;S
20240116;100949;579.600000000;30;9394006235;S
20240116;100949;579.600000000;50;9394006236;S
20240116;100949;579.600000000;10;9394006237;S
20240116;100949;579.600000000;2;9394006238;S
20240116;100949;579.600000000;5;9394006239;S
20240116;100949;579.550000000;3;9394006240;S
20240116;100949;579.550000000;1;9394006241;S
20240116;100949;579.550000000;50;9394006242;S
20240116;100949;579.550000000;4;9394006243;S
20240116;100949;579.550000000;30;9394006244;S
20240116;100949;579.550000000;2;9394006245;S
20240116;100949;579.550000000;345;9394006246;S
20240116;100949;579.500000000;5;9394006247;S
20240116;100949;579.500000000;1;9394006248;S
20240116;100949;579.500000000;2;9394006249;S
20240116;100949;579.500000000;42;9394006250;S
20240116;100949;579.500000000;5;9394006251;S
20240116;100949;579.500000000;1;9394006252;S
20240116;100949;579.500000000;11;9394006253;S
20240116;100949;579.500000000;25;9394006254;S
20240116;100949;579.500000000;4;9394006255;S
20240116;100949;579.500000000;2;9394006256;S
20240116;100949;579.500000000;1;9394006257;S
20240116;100949;579.500000000;3;9394006258;S
20240116;100949;579.500000000;50;9394006259;S
20240116;100949;579.500000000;1;9394006260;S
20240116;100949;579.500000000;1;9394006261;S
20240116;100949;579.500000000;19;9394006262;S
20240116;100949;579.500000000;10;9394006279;S
20240116;100949;579.500000000;5;9394006280;S
20240116;100949;579.500000000;1;9394006281;S
20240116;100949;579.500000000;1;9394006282;S
20240116;100949;579.500000000;1;9394006283;S
20240116;100949;579.500000000;3;9394006284;S
20240116;100949;579.500000000;30;9394006285;S
20240116;100949;579.500000000;19;9394006286;S
20240116;100950;579.500000000;81;9394006319;S
20240116;100950;579.500000000;2;9394006320;S
20240116;100950;579.500000000;3;9394006321;S
20240116;100950;579.500000000;5;9394006322;S
20240116;100950;579.500000000;5;9394006323;S
20240116;100950;579.500000000;100;9394006324;S
20240116;100950;579.500000000;100;9394006325;S
20240116;100950;579.400000000;1;9394006326;S
20240116;100950;579.400000000;3;9394006327;S
20240116;100950;579.400000000;1;9394006328;S
20240116;100950;579.400000000;6;9394006329;S
20240116;100950;579.400000000;93;9394006330;S
20240116;100950;579.650000000;23;9394006336;B
20240116;100950;579.650000000;27;9394006337;B
20240116;100950;579.400000000;18;9394006341;S
20240116;100950;579.650000000;10;9394006344;B
20240116;100950;579.500000000;1;9394006350;S
20240116;100950;579.400000000;172;9394006351;S
20240116;100950;579.400000000;12;9394006385;S
20240116;100950;579.400000000;100;9394006386;S
20240116;100950;579.650000000;1;9394006387;B
20240116;100950;579.400000000;90;9394006388;S
20240116;100950;579.550000000;20;9394006588;S
20240116;100951;579.550000000;15;9394006593;S
20240116;100951;579.600000000;19;9394006606;B
20240116;100951;579.600000000;1;9394006612;B
20240116;100951;579.600000000;1;9394006624;B
20240116;100951;579.600000000;1;9394006630;B
20240116;100951;579.550000000;56;9394006655;S
20240116;100953;579.600000000;1;9394006812;B
20240116;100954;579.600000000;1;9394006889;B
20240116;100954;579.600000000;1;9394006948;B
20240116;100955;579.550000000;150;9394007061;S
20240116;100955;579.600000000;20;9394007083;B
20240116;100956;579.600000000;2;9394007207;B
20240116;100956;579.600000000;5;9394007234;B
20240116;100956;579.550000000;1;9394007275;S
20240116;100957;579.550000000;8;9394007373;S
20240116;100959;579.600000000;2;9394007524;B
20240116;100959;579.600000000;1;9394007601;B
20240116;101000;579.550000000;40;9394007690;S
20240116;101001;579.550000000;20;9394007757;S
20240116;101001;579.600000000;8;9394007771;B
20240116;101001;579.600000000;4;9394007775;B
20240116;101001;579.600000000;1;9394007779;B
20240116;101002;579.600000000;1;9394007874;B
20240116;101002;579.550000000;5;9394007901;S
20240116;101003;579.600000000;20;9394008027;B
20240116;101003;579.600000000;82;9394008055;B
20240116;101003;579.600000000;23;9394008056;B
20240116;101003;579.600000000;1;9394008057;B
20240116;101003;579.600000000;3;9394008088;S
20240116;101004;579.600000000;91;9394008161;S
20240116;101004;579.550000000;185;9394008162;S
20240116;101004;579.550000000;1;9394008163;S
20240116;101004;579.550000000;1;9394008164;S
20240116;101004;579.550000000;120;9394008165;S
20240116;101004;579.550000000;50;9394008166;S
20240116;101004;579.550000000;1;9394008167;S
20240116;101004;579.500000000;20;9394008168;S
20240116;101004;579.500000000;4;9394008169;S
20240116;101004;579.500000000;50;9394008170;S
20240116;101004;579.500000000;10;9394008171;S
20240116;101004;579.500000000;10;9394008172;S
20240116;101004;579.500000000;257;9394008173;S
20240116;101004;579.650000000;150;9394008197;B
20240116;101004;579.500000000;972;9394008233;S
20240116;101006;579.500000000;10;9394008392;S
20240116;101006;579.550000000;5;9394008456;B
20240116;101006;579.500000000;161;9394008457;S
20240116;101008;579.500000000;4;9394008740;S
20240116;101008;579.550000000;1;9394008779;B
20240116;101008;579.550000000;4;9394008780;B
20240116;101008;579.500000000;1;9394008806;B
20240116;101009;579.450000000;2;9394009007;S
20240116;101009;579.450000000;2;9394009061;S
20240116;101009;579.550000000;1;9394009131;B
20240116;101010;579.550000000;10;9394009343;B
20240116;101010;579.500000000;3;9394009375;B
20240116;101012;579.500000000;1;9394009632;B
20240116;101012;579.500000000;20;9394009639;B
20240116;101013;579.500000000;5;9394009646;B
20240116;101013;579.500000000;2;9394009732;B
20240116;101014;579.500000000;2;9394009887;B
20240116;101015;579.500000000;2;9394010011;B
20240116;101015;579.450000000;2;9394010061;S
20240116;101015;579.450000000;6;9394010062;S
20240116;101015;579.500000000;34;9394010127;B
20240116;101016;579.500000000;2;9394010242;B
20240116;101016;579.450000000;15;9394010356;S
20240116;101016;579.500000000;5;9394010383;B
20240116;101017;579.500000000;15;9394010543;B
20240116;101017;579.450000000;8;9394010582;S
20240116;101017;579.500000000;50;9394010631;B
20240116;101017;579.500000000;200;9394010632;B
20240116;101017;579.500000000;22;9394010633;B
20240116;101017;579.550000000;2;9394010683;B
20240116;101019;579.500000000;228;9394010921;S
20240116;101019;579.450000000;1;9394010922;S
20240116;101019;579.400000000;1;9394010923;S
20240116;101019;579.400000000;50;9394010924;S
20240116;101019;579.400000000;7;9394010925;S
20240116;101019;579.400000000;1;9394010926;S
20240116;101019;579.350000000;3;9394010927;S
20240116;101019;579.350000000;3;9394010928;S
20240116;101019;579.350000000;4;9394010929;S
20240116;101019;579.350000000;5;9394010930;S
20240116;101019;579.350000000;7;9394010931;S
20240116;101019;579.350000000;5;9394010932;S
20240116;101019;579.350000000;9;9394010933;S
20240116;101019;579.350000000;27;9394010934;S
20240116;101019;579.350000000;19;9394010935;S
20240116;101019;579.350000000;6;9394010936;S
20240116;101019;579.350000000;5;9394010937;S
20240116;101019;579.350000000;2;9394010938;S
20240116;101019;579.350000000;3;9394010939;S
20240116;101019;579.350000000;3;9394010940;S
20240116;101019;579.350000000;5;9394010941;S
20240116;101019;579.350000000;22;9394010942;S
20240116;101019;579.300000000;1;9394010943;S
20240116;101019;579.300000000;5;9394010944;S
20240116;101019;579.300000000;577;9394010945;S
20240116;101019;579.300000000;1;9394010946;S
20240116;101019;579.500000000;2;9394010960;B
20240116;101019;579.500000000;1;9394010971;B
20240116;101019;579.350000000;6;9394010974;S
