<DATE>;<TIME>;<LAST>;<VOL>;<ID>;<OPER>
20240205;095944;584.050000000;1;9523278607;S
20240205;095944;584.050000000;2;9523278608;B
20240205;095944;584.050000000;42;9523278609;B
20240205;095944;584.050000000;1;9523278610;S
20240205;095944;584.050000000;2;9523278611;S
20240205;095944;584.050000000;2;9523278612;S
20240205;095944;584.050000000;4;9523278613;S
20240205;095944;584.050000000;1;9523278614;S
20240205;095944;584.050000000;1;9523278615;S
20240205;095944;584.050000000;33;9523278616;S
20240205;095944;584.050000000;40;9523278617;B
20240205;095944;584.050000000;2;9523278618;B
20240205;095944;584.050000000;8;9523278619;B
20240205;095944;584.050000000;1;9523278620;B
20240205;095944;584.050000000;9;9523278621;B
20240205;095944;584.050000000;2;9523278622;B
20240205;095944;584.050000000;15;9523278623;B
20240205;095944;584.050000000;173;9523278624;B
20240205;095944;584.050000000;50;9523278625;B
20240205;095944;584.050000000;37;9523278626;B
20240205;095944;584.050000000;2;9523278627;B
20240205;095944;584.050000000;1;9523278628;B
20240205;095944;584.050000000;1;9523278629;B
20240205;095944;584.050000000;3;9523278630;B
20240205;095944;584.050000000;6;9523278631;B
20240205;095944;584.050000000;5;9523278632;B
20240205;095944;584.050000000;5;9523278633;B
20240205;095944;584.050000000;2;9523278634;B
20240205;095944;584.050000000;3;9523278635;B
20240205;095944;584.050000000;101;9523278636;B
20240205;095944;584.050000000;2;9523278637;B
20240205;095944;584.050000000;2;9523278638;B
20240205;095944;584.050000000;2;9523278639;B
20240205;095944;584.050000000;7;9523278640;B
20240205;095944;584.050000000;93;9523278641;S
20240205;095944;584.050000000;325;9523278642;B
20240205;095944;584.050000000;1;9523278643;B
20240205;095944;584.050000000;1;9523278644;B
20240205;095944;584.050000000;2;9523278645;B
20240205;095944;584.050000000;1;9523278646;B
20240205;095944;584.050000000;123;9523278647;B
20240205;095944;584.050000000;3;9523278648;B
20240205;095944;584.050000000;1;9523278649;B
20240205;095944;584.050000000;241;9523278650;B
20240205;095944;584.050000000;4;9523278651;B
20240205;095944;584.050000000;1;9523278652;B
20240205;095944;584.050000000;8;9523278653;B
20240205;095944;584.050000000;1;9523278654;B
20240205;095944;584.050000000;4;9523278655;B
20240205;095944;584.050000000;2;9523278656;B
20240205;095944;584.050000000;1;9523278657;B
20240205;095944;584.050000000;4;9523278658;B
20240205;095944;584.050000000;1;9523278659;B
20240205;095944;584.050000000;3;9523278660;B
20240205;095944;584.050000000;2;9523278661;B
20240205;095944;584.050000000;2;9523278662;B
20240205;095944;584.050000000;2;9523278663;B
20240205;095944;584.050000000;2;9523278664;B
20240205;095944;584.050000000;2;9523278665;B
20240205;095944;584.050000000;1;9523278666;B
20240205;095944;584.050000000;2;9523278667;B
20240205;095944;584.050000000;1;9523278668;B
20240205;095944;584.050000000;2;9523278669;B
20240205;095944;584.050000000;2;9523278670;B
20240205;095944;584.050000000;2;9523278671;B
20240205;095944;584.050000000;1;9523278672;B
20240205;095944;584.050000000;4;9523278673;B
20240205;095944;584.050000000;1;9523278674;B
20240205;095944;584.050000000;2;9523278675;B
20240205;095944;584.050000000;4;9523278676;B
20240205;095944;584.050000000;1;9523278677;B
20240205;095944;584.050000000;2;9523278678;B
20240205;095944;584.050000000;1;9523278679;B
20240205;095944;584.050000000;1;9523278680;B
20240205;095944;584.050000000;2;9523278681;B
20240205;095944;584.050000000;1;9523278682;B
20240205;095944;584.050000000;1;9523278683;B
20240205;095944;584.050000000;1;9523278684;B
20240205;095944;584.050000000;1;9523278685;B
20240205;095944;584.050000000;1;9523278686;B
20240205;095944;584.050000000;1;9523278687;B
20240205;095944;584.050000000;1;9523278688;B
20240205;095944;584.050000000;1;9523278689;B
20240205;095944;584.050000000;2;9523278690;B
20240205;095944;584.050000000;5;9523278691;B
20240205;095944;584.050000000;4;9523278692;B
20240205;095944;584.050000000;1;9523278693;B
20240205;095944;584.050000000;2;9523278694;B
20240205;095944;584.050000000;1;9523278695;B
20240205;095944;584.050000000;2;9523278696;B
20240205;095944;584.050000000;1;9523278697;B
20240205;095944;584.050000000;2;9523278698;B
20240205;095944;584.050000000;2;9523278699;B
20240205;095944;584.050000000;1;9523278700;B
20240205;095944;584.050000000;2;9523278701;B
20240205;095944;584.050000000;1;9523278702;B
20240205;095944;584.050000000;2;9523278703;B
20240205;095944;584.050000000;19;9523278704;B
20240205;095944;584.050000000;1;9523278705;B
20240205;095944;584.050000000;1;9523278706;B
20240205;095944;584.050000000;1;9523278707;B
20240205;095944;584.050000000;14;9523278708;B
20240205;095944;584.050000000;2;9523278709;B
20240205;095944;584.050000000;1;9523278710;B
20240205;095944;584.050000000;2;9523278711;B
20240205;095944;584.050000000;1;9523278712;B
20240205;095944;584.050000000;1;9523278713;B
20240205;095944;584.050000000;3;9523278714;B
20240205;095944;584.050000000;1;9523278715;B
20240205;095944;584.050000000;1;9523278716;B
20240205;095944;584.050000000;2;9523278717;B
20240205;095944;584.050000000;2;9523278718;B
20240205;095944;584.050000000;2;9523278719;B
20240205;095944;584.050000000;1;9523278720;B
20240205;095944;584.050000000;10;9523278721;B
20240205;095944;584.050000000;2;9523278722;B
20240205;095944;584.050000000;2;9523278723;B
20240205;095944;584.050000000;2;9523278724;B
20240205;095944;584.050000000;1;9523278725;B
20240205;095944;584.050000000;1;9523278726;B
20240205;095944;584.050000000;50;9523278727;B
20240205;095944;584.050000000;1;9523278728;B
20240205;095944;584.050000000;1;9523278729;B
20240205;095944;584.050000000;2;9523278730;B
20240205;095944;584.050000000;9;9523278731;B
20240205;095944;584.050000000;2;9523278732;B
20240205;095944;584.050000000;1;9523278733;B
20240205;095944;584.050000000;1;9523278734;B
20240205;095944;584.050000000;5;9523278735;B
20240205;095944;584.050000000;1;9523278736;B
20240205;095944;584.050000000;2;9523278737;B
20240205;095944;584.050000000;1;9523278738;B
20240205;095944;584.050000000;1;9523278739;B
20240205;095944;584.050000000;2;9523278740;B
20240205;095944;584.050000000;10;9523278741;B
20240205;095944;584.050000000;2;9523278742;B
20240205;095944;584.050000000;1;9523278743;B
20240205;095944;584.050000000;1;9523278744;B
20240205;095944;584.050000000;5;9523278745;B
20240205;095944;584.050000000;6;9523278746;B
20240205;095944;584.050000000;3;9523278747;B
20240205;095944;584.050000000;4;9523278748;B
20240205;095944;584.050000000;17;9523278749;B
20240205;095944;584.050000000;1;9523278750;B
20240205;095944;584.050000000;7;9523278751;B
20240205;095944;584.050000000;18;9523278752;B
20240205;095944;584.050000000;2;9523278753;B
20240205;095944;584.050000000;1;9523278754;B
20240205;095944;584.050000000;1;9523278755;B
20240205;095944;584.050000000;2;9523278756;B
20240205;095944;584.050000000;2;9523278757;B
20240205;095944;584.050000000;34;9523278758;B
20240205;095944;584.050000000;3;9523278759;B
20240205;095944;584.050000000;1;9523278760;B
20240205;095944;584.050000000;16;9523278761;B
20240205;095944;584.050000000;2;9523278762;B
20240205;095944;584.050000000;4;9523278763;B
20240205;095944;584.050000000;3;9523278764;B
20240205;095944;584.050000000;3;9523278765;B
20240205;095944;584.050000000;2;9523278766;B
20240205;095944;584.050000000;2;9523278767;B
20240205;095944;584.050000000;2;9523278768;B
20240205;095944;584.050000000;84;9523278769;B
20240205;095944;584.050000000;216;9523278770;B
20240205;095944;584.050000000;9;9523278771;B
20240205;095944;584.050000000;1;9523278772;B
20240205;095944;584.050000000;10;9523278773;B
20240205;095944;584.050000000;10;9523278774;B
20240205;095944;584.050000000;850;9523278775;B
20240205;095944;584.050000000;10;9523278776;B
20240205;095944;584.050000000;1;9523278777;B
20240205;095944;584.050000000;5;9523278778;B
20240205;095944;584.050000000;2;9523278779;B
20240205;095944;584.050000000;11;9523278780;B
20240205;095944;584.050000000;50;9523278781;B
20240205;095944;584.050000000;1;9523278782;B
20240205;095944;584.050000000;224;9523278783;B
20240205;095944;584.050000000;69;9523278784;B
20240205;095944;584.050000000;7;9523278785;B
20240205;095944;584.050000000;3;9523278786;B
20240205;095944;584.050000000;17;9523278787;B
20240205;095944;584.050000000;1;9523278788;B
20240205;095944;584.050000000;30;9523278789;B
20240205;095944;584.050000000;2;9523278790;B
20240205;095944;584.050000000;2;9523278791;B
20240205;095944;584.050000000;1;9523278792;S
20240205;095944;584.050000000;17;9523278793;S
20240205;095944;584.050000000;1;9523278794;S
20240205;095944;584.050000000;115;9523278795;S
20240205;095944;584.050000000;12;9523278796;S
20240205;095944;584.050000000;2;9523278797;S
20240205;095944;584.050000000;12;9523278798;B
20240205;095944;584.050000000;2;9523278799;S
20240205;095944;584.050000000;6;9523278800;S
20240205;095944;584.050000000;9;9523278801;S
20240205;095944;584.050000000;1;9523278802;S
20240205;095944;584.050000000;1;9523278803;S
20240205;095944;584.050000000;1;9523278804;S
20240205;095944;584.050000000;1;9523278805;S
20240205;095944;584.050000000;1;9523278806;S
20240205;095944;584.050000000;30;9523278807;S
20240205;095944;584.050000000;2;9523278808;S
20240205;095944;584.050000000;300;9523278809;S
20240205;095944;584.050000000;1;9523278810;S
20240205;095944;584.050000000;1;9523278811;S
20240205;095944;584.050000000;1;9523278812;S
20240205;095944;584.050000000;10;9523278813;S
20240205;095944;584.050000000;10;9523278814;S
20240205;095944;584.050000000;10;9523278815;S
20240205;095944;584.050000000;10;9523278816;S
20240205;095944;584.050000000;10;9523278817;S
20240205;095944;584.050000000;1;9523278818;S
20240205;095944;584.050000000;100;9523278819;S
20240205;095944;584.050000000;300;9523278820;S
20240205;095944;584.050000000;5;9523278821;S
20240205;095944;584.050000000;20;9523278822;S
20240205;095944;584.050000000;3;9523278823;S
20240205;095944;584.050000000;4;9523278824;S
20240205;095944;584.050000000;1;9523278825;S
20240205;095944;584.050000000;500;9523278826;S
20240205;095944;584.050000000;50;9523278827;S
20240205;095944;584.050000000;1;9523278828;S
20240205;095944;584.050000000;200;9523278829;S
20240205;095944;584.050000000;2;9523278830;S
20240205;095944;584.050000000;47;9523278831;S
20240205;095944;584.050000000;1;9523278832;B
20240205;095944;584.050000000;2;9523278833;B
20240205;095944;584.050000000;1;9523278834;S
20240205;095944;584.050000000;7;9523278835;S
20240205;095944;584.050000000;42;9523278836;B
20240205;095944;584.050000000;1;9523278837;B
20240205;095944;584.050000000;1;9523278838;B
20240205;095944;584.050000000;4;9523278839;B
20240205;095944;584.050000000;100;9523278840;B
20240205;095944;584.050000000;52;9523278841;B
20240205;095944;584.050000000;5;9523278842;S
20240205;095944;584.050000000;11;9523278843;S
20240205;095944;584.050000000;10;9523278844;S
20240205;095944;584.050000000;22;9523278845;B
20240205;095944;584.050000000;28;9523278846;S
20240205;095944;584.050000000;1;9523278847;B
20240205;095944;584.050000000;2;9523278848;B
20240205;095944;584.050000000;1;9523278849;B
20240205;095944;584.050000000;2;9523278850;S
20240205;095944;584.050000000;2;9523278851;B
20240205;095944;584.050000000;5;9523278852;B
20240205;095944;584.050000000;5;9523278853;S
20240205;095944;584.050000000;2;9523278854;B
20240205;095944;584.050000000;2;9523278855;B
20240205;095944;584.050000000;1;9523278856;B
20240205;100000;584.100000000;100;9523283684;B
20240205;100000;584.100000000;100;9523283690;B
20240205;100000;584.150000000;50;9523283750;B
20240205;100000;584.100000000;20;9523283764;S
20240205;100000;584.200000000;1;9523283813;B
20240205;100000;584.200000000;2;9523283814;B
20240205;100000;584.250000000;1;9523283850;B
20240205;100000;584.250000000;1;9523283853;B
20240205;100000;584.150000000;1;9523283895;S
20240205;100000;584.300000000;1;9523283925;B
20240205;100000;584.300000000;4;9523283926;B
20240205;100000;584.500000000;2;9523283994;B
20240205;100000;584.500000000;3;9523284144;B
20240205;100000;584.750000000;2;9523284145;B
20240205;100000;584.750000000;6;9523284146;B
20240205;100000;584.750000000;7;9523284147;B
20240205;100000;584.750000000;35;9523284148;B
20240205;100000;584.200000000;6;9523284151;S
20240205;100000;584.100000000;44;9523284152;S
20240205;100000;584.750000000;200;9523284243;B
20240205;100000;584.750000000;200;9523284292;B
20240205;100000;584.800000000;6;9523284538;B
20240205;100000;584.800000000;428;9523284539;B
20240205;100000;584.800000000;15;9523284540;B
20240205;100000;584.900000000;2;9523284541;B
20240205;100000;584.900000000;2;9523284542;B
20240205;100000;584.900000000;1;9523284543;B
20240205;100000;584.900000000;46;9523284544;B
20240205;100000;584.900000000;4;9523284551;B
20240205;100000;584.900000000;79;9523284552;B
20240205;100000;584.500000000;50;9523284934;S
20240205;100000;584.250000000;514;9523284935;S
20240205;100000;584.250000000;186;9523284936;S
20240205;100000;584.600000000;1;9523285072;B
20240205;100000;584.800000000;33;9523285073;B
20240205;100000;584.750000000;342;9523285264;B
20240205;100001;584.750000000;27;9523285515;B
20240205;100001;584.250000000;25;9523285530;S
20240205;100001;584.250000000;1;9523285644;S
20240205;100001;584.850000000;33;9523286004;B
20240205;100001;584.850000000;47;9523286005;B
20240205;100001;584.850000000;40;9523286058;B
20240205;100001;584.450000000;50;9523286203;S
20240205;100001;584.850000000;1;9523286223;B
20240205;100001;584.500000000;20;9523286481;S
20240205;100001;584.500000000;1;9523286493;S
20240205;100001;584.750000000;52;9523286578;B
20240205;100001;584.500000000;3;9523286704;S
20240205;100001;584.750000000;462;9523286858;B
20240205;100001;584.800000000;224;9523286859;B
20240205;100001;584.800000000;41;9523286860;B
20240205;100001;584.850000000;273;9523286861;B
20240205;100001;584.850000000;10;9523286883;B
20240205;100001;584.700000000;4;9523287154;B
20240205;100001;584.850000000;400;9523287155;B
20240205;100001;584.850000000;46;9523287156;B
20240205;100002;584.850000000;468;9523287300;B
20240205;100002;584.900000000;900;9523287301;B
20240205;100002;584.900000000;632;9523287302;B
20240205;100002;584.900000000;200;9523287335;B
20240205;100002;584.600000000;1;9523287442;B
20240205;100002;584.850000000;100;9523287593;B
20240205;100002;584.850000000;189;9523287596;B
20240205;100002;584.850000000;225;9523287597;B
20240205;100002;584.900000000;2168;9523287598;B
20240205;100002;584.900000000;50;9523287599;B
20240205;100002;584.900000000;40;9523287600;B
20240205;100002;584.950000000;3;9523287601;B
20240205;100002;584.950000000;1;9523287602;B
20240205;100002;584.950000000;10;9523287603;B
20240205;100002;584.950000000;15;9523287604;B
20240205;100002;584.950000000;34;9523287605;B
20240205;100002;584.950000000;100;9523287606;B
20240205;100002;585.000000000;30;9523287607;B
20240205;100002;585.000000000;2;9523287608;B
20240205;100002;585.000000000;1;9523287609;B
20240205;100002;585.000000000;2;9523287610;B
20240205;100002;585.000000000;1;9523287611;B
20240205;100002;585.000000000;1;9523287612;B
20240205;100002;585.000000000;70;9523287613;B
20240205;100002;585.000000000;1;9523287614;B
20240205;100002;585.000000000;3;9523287615;B
20240205;100002;585.000000000;81;9523287616;B
20240205;100002;585.000000000;1;9523287617;B
20240205;100002;585.000000000;3;9523287618;B
20240205;100002;585.000000000;2;9523287619;B
20240205;100002;585.000000000;6;9523287620;B
20240205;100002;585.000000000;5;9523287621;B
20240205;100002;585.000000000;145;9523287622;B
20240205;100002;584.950000000;3;9523287637;B
20240205;100002;584.650000000;15;9523287745;S
20240205;100002;584.900000000;29;9523287762;B
20240205;100002;584.900000000;1;9523287763;B
20240205;100002;584.900000000;1;9523287820;B
20240205;100002;584.850000000;450;9523287830;B
20240205;100002;584.850000000;64;9523287839;B
20240205;100002;584.900000000;398;9523287849;B
20240205;100002;584.950000000;52;9523287850;B
20240205;100002;584.950000000;96;9523287854;B
20240205;100002;585.000000000;20;9523287923;B
20240205;100002;585.000000000;300;9523287987;B
20240205;100002;584.750000000;16;9523288071;S
20240205;100002;585.000000000;39;9523288085;B
20240205;100002;585.000000000;18;9523288086;B
20240205;100002;585.000000000;2;9523288087;B
20240205;100002;585.000000000;10;9523288088;B
20240205;100002;585.000000000;2;9523288089;B
20240205;100002;585.000000000;5;9523288090;B
20240205;100002;585.000000000;5;9523288091;B
20240205;100002;585.000000000;1;9523288092;B
20240205;100002;585.000000000;5;9523288093;B
20240205;100002;585.000000000;5;9523288094;B
20240205;100002;585.000000000;2;9523288095;B
20240205;100002;585.000000000;2;9523288096;B
20240205;100002;585.000000000;1;9523288097;B
20240205;100002;585.000000000;3;9523288098;B
20240205;100002;585.000000000;300;9523288105;B
20240205;100002;585.000000000;190;9523288146;B
20240205;100002;584.900000000;10;9523288228;B
20240205;100002;585.000000000;25;9523288229;B
20240205;100002;584.850000000;2;9523288247;B
20240205;100002;584.700000000;3;9523288251;S
20240205;100002;584.700000000;26;9523288327;S
20240205;100002;584.650000000;4;9523288328;S
20240205;100002;584.650000000;40;9523288330;S
20240205;100002;584.850000000;6;9523288339;B
20240205;100002;584.950000000;14;9523288340;B
20240205;100002;584.950000000;20;9523288341;B
20240205;100002;584.950000000;20;9523288342;B
20240205;100002;584.950000000;20;9523288343;B
20240205;100002;585.000000000;1;9523288490;B
20240205;100002;585.000000000;20;9523288496;B
20240205;100002;585.000000000;40;9523288500;B
20240205;100002;584.800000000;14;9523288504;S
20240205;100002;584.850000000;9;9523288529;S
20240205;100002;584.850000000;1;9523288584;S
20240205;100003;584.900000000;8;9523288642;B
20240205;100003;584.900000000;2;9523288675;B
20240205;100003;584.900000000;100;9523288676;B
20240205;100003;584.950000000;25;9523288677;B
20240205;100003;584.950000000;1;9523288678;B
20240205;100003;585.000000000;149;9523288679;B
20240205;100003;585.000000000;80;9523288723;B
20240205;100003;585.000000000;192;9523288747;B
20240205;100003;585.000000000;1;9523288748;B
20240205;100003;585.000000000;14;9523288749;B
20240205;100003;584.950000000;1;9523288881;B
20240205;100003;584.950000000;199;9523288882;B
20240205;100003;584.850000000;1;9523288883;S
20240205;100003;584.850000000;1;9523288884;S
20240205;100003;585.000000000;6;9523288888;B
20240205;100003;585.000000000;30;9523288912;B
20240205;100003;585.000000000;1;9523288913;B
20240205;100003;585.000000000;15;9523288914;B
20240205;100003;585.000000000;1;9523288915;B
20240205;100003;585.000000000;1;9523288916;B
20240205;100003;585.000000000;1;9523288917;B
20240205;100003;585.000000000;10;9523288918;B
20240205;100003;585.000000000;1;9523288919;B
20240205;100003;585.000000000;33;9523288920;B
20240205;100003;585.000000000;51;9523289033;B
20240205;100003;585.000000000;18;9523289034;B
20240205;100003;584.850000000;240;9523289035;S
20240205;100003;584.850000000;7;9523289036;S
20240205;100003;585.000000000;158;9523289047;B
20240205;100003;585.000000000;9;9523289048;B
20240205;100003;585.000000000;1;9523289049;B
20240205;100003;585.000000000;5;9523289050;B
20240205;100003;585.000000000;5;9523289051;B
20240205;100003;585.000000000;5;9523289052;B
20240205;100003;585.000000000;1;9523289053;B
20240205;100003;585.000000000;200;9523289054;B
20240205;100003;585.000000000;1;9523289055;B
20240205;100003;585.000000000;1;9523289056;B
20240205;100003;585.000000000;14;9523289057;B
20240205;100003;584.850000000;1;9523289074;S
20240205;100003;585.000000000;1;9523289129;B
20240205;100003;584.850000000;11;9523289134;S
20240205;100003;584.850000000;10;9523289135;S
20240205;100003;584.850000000;50;9523289136;S
20240205;100003;584.850000000;1;9523289137;S
20240205;100003;584.950000000;5;9523289169;B
20240205;100003;585.000000000;175;9523289170;B
20240205;100003;585.000000000;17;9523289171;B
20240205;100003;585.000000000;1;9523289172;B
20240205;100003;585.000000000;4;9523289173;B
20240205;100003;585.000000000;4;9523289174;B
20240205;100003;585.000000000;5;9523289175;B
20240205;100003;585.000000000;2;9523289176;B
20240205;100003;585.000000000;1000;9523289177;B
20240205;100003;585.000000000;26;9523289178;B
20240205;100003;585.000000000;11;9523289179;B
20240205;100003;585.000000000;10;9523289180;B
20240205;100003;585.000000000;500;9523289181;B
20240205;100003;585.000000000;5;9523289182;B
20240205;100003;585.000000000;44;9523289183;B
20240205;100003;585.000000000;300;9523289184;B
20240205;100003;585.000000000;150;9523289185;B
20240205;100003;585.000000000;332;9523289186;B
20240205;100003;585.000000000;1;9523289187;B
20240205;100003;585.000000000;8;9523289188;B
20240205;100003;584.850000000;7;9523289194;S
20240205;100003;585.000000000;2;9523289208;B
20240205;100003;585.000000000;80;9523289209;B
20240205;100003;585.000000000;15;9523289210;B
20240205;100003;585.000000000;1;9523289211;B
20240205;100003;585.000000000;82;9523289212;B
20240205;100003;584.850000000;1;9523289216;S
20240205;100003;585.000000000;1;9523289283;B
20240205;100003;584.900000000;10;9523289292;S
20240205;100003;584.850000000;40;9523289303;S
20240205;100003;584.900000000;1;9523289373;B
20240205;100003;584.900000000;9;9523289387;B
20240205;100003;584.950000000;4;9523289388;B
20240205;100003;585.000000000;67;9523289389;B
20240205;100003;585.000000000;10;9523289390;B
20240205;100003;585.000000000;1;9523289391;B
20240205;100003;585.000000000;9;9523289392;B
20240205;100004;584.900000000;7;9523289633;B
20240205;100004;584.950000000;4;9523289634;B
20240205;100004;585.000000000;9;9523289635;B
20240205;100004;585.000000000;24;9523289664;B
20240205;100004;585.000000000;1;9523289665;B
20240205;100004;585.000000000;2;9523289666;B
20240205;100004;585.000000000;4;9523289667;B
20240205;100004;585.000000000;5;9523289668;B
20240205;100004;585.000000000;1;9523289669;B
20240205;100004;585.000000000;20;9523289670;B
20240205;100004;585.000000000;350;9523289671;B
20240205;100004;585.000000000;15;9523289672;B
20240205;100004;585.000000000;8;9523289673;B
20240205;100004;585.000000000;70;9523289674;B
20240205;100004;585.000000000;130;9523289675;B
20240205;100004;585.000000000;10;9523289676;B
20240205;100004;585.000000000;2;9523289677;B
20240205;100004;585.000000000;3;9523289678;B
20240205;100004;585.000000000;50;9523289679;B
20240205;100004;585.000000000;9;9523289680;B
20240205;100004;585.000000000;10;9523289681;B
20240205;100004;585.000000000;10;9523289682;B
20240205;100004;585.000000000;3;9523289683;B
20240205;100004;585.000000000;3;9523289684;B
20240205;100004;585.000000000;2;9523289685;B
20240205;100004;585.000000000;20;9523289686;B
20240205;100004;585.000000000;3;9523289687;B
20240205;100004;585.000000000;3;9523289688;B
20240205;100004;585.000000000;1;9523289689;B
20240205;100004;585.000000000;1;9523289690;B
20240205;100004;585.000000000;3;9523289691;B
20240205;100004;585.000000000;1;9523289692;B
20240205;100004;585.000000000;9;9523289693;B
20240205;100004;585.000000000;18;9523289694;B
20240205;100004;585.050000000;10;9523289695;B
20240205;100004;585.050000000;200;9523289696;B
20240205;100004;585.050000000;10;9523289697;B
20240205;100004;585.050000000;69;9523289698;B
20240205;100004;585.100000000;100;9523289699;B
20240205;100004;585.100000000;1;9523289700;B
20240205;100004;585.100000000;1;9523289701;B
20240205;100004;585.150000000;2;9523289702;B
20240205;100004;585.150000000;1;9523289703;B
20240205;100004;585.250000000;10;9523289704;B
20240205;100004;585.250000000;7;9523289705;B
20240205;100004;585.250000000;10;9523289706;B
20240205;100004;585.250000000;5;9523289707;B
20240205;100004;585.300000000;2;9523289708;B
20240205;100004;585.300000000;177;9523289709;B
20240205;100004;585.300000000;404;9523289710;B
20240205;100004;585.050000000;100;9523289720;S
20240205;100004;585.400000000;2;9523289739;B
20240205;100004;585.400000000;1;9523289740;B
20240205;100004;585.400000000;5;9523289741;B
20240205;100004;585.400000000;2;9523289742;B
20240205;100004;585.450000000;1;9523289743;B
20240205;100004;585.450000000;1;9523289744;B
20240205;100004;585.450000000;1;9523289745;B
20240205;100004;585.500000000;35;9523289746;B
20240205;100004;585.500000000;1;9523289747;B
20240205;100004;585.500000000;10;9523289748;B
20240205;100004;585.500000000;1;9523289749;B
20240205;100004;585.550000000;10;9523289750;B
20240205;100004;585.550000000;1;9523289751;B
20240205;100004;585.600000000;1;9523289752;B
20240205;100004;585.650000000;1;9523289753;B
20240205;100004;585.650000000;98;9523289754;B
20240205;100004;585.650000000;100;9523289779;B
20240205;100004;585.650000000;100;9523289798;B
20240205;100004;585.650000000;514;9523289799;B
20240205;100004;585.700000000;9;9523289800;B
20240205;100004;585.700000000;1;9523289801;B
20240205;100004;585.700000000;1;9523289802;B
20240205;100004;585.700000000;159;9523289803;B
20240205;100004;585.450000000;10;9523289979;S
20240205;100004;585.250000000;5;9523290012;S
20240205;100004;585.250000000;9;9523290035;S
20240205;100004;585.250000000;2;9523290052;S
20240205;100004;585.250000000;31;9523290080;S
20240205;100004;585.250000000;1;9523290118;S
20240205;100004;585.250000000;884;9523290145;S
20240205;100004;585.200000000;116;9523290146;S
20240205;100004;585.000000000;100;9523290173;B
20240205;100004;585.000000000;64;9523290229;B
20240205;100004;585.000000000;50;9523290232;B
20240205;100004;585.000000000;136;9523290239;B
20240205;100004;585.000000000;25;9523290240;B
20240205;100004;585.250000000;73;9523290241;B
20240205;100004;585.600000000;26;9523290242;B
20240205;100004;585.200000000;2;9523290254;S
20240205;100004;584.950000000;1;9523290265;S
20240205;100004;585.300000000;9;9523290278;S
20240205;100004;585.300000000;11;9523290343;S
20240205;100004;585.100000000;10;9523290369;S
20240205;100004;585.050000000;100;9523290442;S
20240205;100004;585.050000000;22;9523290444;S
20240205;100004;585.050000000;80;9523290520;S
20240205;100004;585.050000000;25;9523290529;S
20240205;100004;585.050000000;200;9523290553;S
20240205;100004;585.050000000;50;9523290579;S
20240205;100004;585.250000000;8;9523290585;B
20240205;100004;585.250000000;1;9523290614;B
20240205;100004;585.050000000;10;9523290743;S
20240205;100004;585.050000000;2;9523290744;S
20240205;100004;585.250000000;1;9523290779;B
20240205;100004;585.300000000;9;9523290780;B
20240205;100004;585.300000000;40;9523290795;B
20240205;100004;585.200000000;60;9523290796;S
20240205;100004;585.050000000;40;9523290797;S
20240205;100004;585.300000000;140;9523290802;B
20240205;100004;585.500000000;15;9523290803;B
20240205;100004;585.550000000;64;9523290804;B
20240205;100004;585.550000000;9;9523290805;B
20240205;100004;585.600000000;514;9523290806;B
20240205;100004;585.650000000;500;9523290807;B
20240205;100004;585.750000000;1;9523290808;B
20240205;100004;585.750000000;7;9523290809;B
20240205;100004;585.750000000;75;9523290810;B
20240205;100004;585.750000000;1;9523290811;B
20240205;100004;585.750000000;1200;9523290812;B
20240205;100004;585.800000000;62;9523290813;B
20240205;100004;585.800000000;1;9523290814;B
20240205;100004;585.800000000;1;9523290815;B
20240205;100004;585.800000000;1;9523290816;B
20240205;100004;585.800000000;1;9523290817;B
20240205;100004;585.850000000;1;9523290818;B
20240205;100004;585.850000000;4;9523290819;B
20240205;100004;585.850000000;10;9523290820;B
20240205;100004;585.850000000;1;9523290821;B
20240205;100004;585.900000000;14;9523290822;B
20240205;100004;585.900000000;1;9523290823;B
20240205;100004;585.900000000;437;9523290824;B
20240205;100004;585.900000000;5;9523290825;B
20240205;100004;585.900000000;1;9523290826;B
20240205;100004;585.900000000;2;9523290827;B
20240205;100004;585.900000000;1;9523290828;B
20240205;100004;585.900000000;150;9523290829;B
20240205;100004;585.500000000;5;9523290861;S
20240205;100004;585.300000000;10;9523290953;S
20240205;100004;585.400000000;500;9523290955;B
20240205;100004;585.900000000;100;9523290957;B
20240205;100004;585.500000000;62;9523290958;S
20240205;100004;585.450000000;1;9523290964;S
20240205;100004;585.450000000;45;9523290967;S
20240205;100004;585.450000000;11;9523290978;S
20240205;100004;585.300000000;2;9523290979;S
20240205;100004;585.300000000;159;9523290987;S
20240205;100004;585.350000000;10;9523290998;S
20240205;100005;585.300000000;2;9523291018;S
20240205;100005;585.300000000;15;9523291055;S
20240205;100005;585.300000000;4;9523291061;S
20240205;100005;585.300000000;1;9523291063;S
20240205;100005;585.550000000;4;9523291084;B
20240205;100005;585.550000000;1;9523291095;B
20240205;100005;585.900000000;39;9523291096;B
20240205;100005;585.400000000;2;9523291113;S
20240205;100005;585.600000000;1;9523291118;S
20240205;100005;585.900000000;1;9523291119;B
20240205;100005;585.900000000;2;9523291120;B
20240205;100005;585.600000000;1;9523291121;S
20240205;100005;585.900000000;2;9523291129;B
20240205;100005;585.900000000;1;9523291134;B
20240205;100005;585.900000000;469;9523291136;B
20240205;100005;585.950000000;1;9523291137;B
20240205;100005;585.950000000;1;9523291138;B
20240205;100005;585.950000000;1;9523291139;B
20240205;100005;585.950000000;1;9523291140;B
20240205;100005;585.950000000;1;9523291141;B
20240205;100005;585.950000000;50;9523291142;B
20240205;100005;585.950000000;3;9523291143;B
20240205;100005;585.950000000;2;9523291144;B
20240205;100005;585.950000000;1;9523291145;B
20240205;100005;585.950000000;1;9523291146;B
20240205;100005;585.950000000;5;9523291147;B
20240205;100005;585.950000000;300;9523291148;B
20240205;100005;585.950000000;1;9523291149;B
20240205;100005;585.950000000;63;9523291150;B
20240205;100005;585.950000000;1;9523291152;B
20240205;100005;585.900000000;2;9523291162;B
20240205;100005;585.600000000;1;9523291164;S
20240205;100005;585.900000000;500;9523291165;B
20240205;100005;585.600000000;2;9523291172;S
20240205;100005;585.600000000;12;9523291175;S
20240205;100005;586.000000000;1;9523291176;B
20240205;100005;586.000000000;1;9523291177;B
20240205;100005;585.600000000;2;9523291185;S
20240205;100005;585.600000000;2;9523291187;S
20240205;100005;585.900000000;2;9523291191;B
20240205;100005;585.900000000;41;9523291198;B
20240205;100005;585.900000000;1;9523291200;B
20240205;100005;585.600000000;1;9523291202;S
20240205;100005;585.900000000;2;9523291204;B
20240205;100005;585.900000000;1;9523291205;B
20240205;100005;585.600000000;17;9523291208;S
20240205;100005;585.900000000;2;9523291210;B
20240205;100005;585.900000000;2;9523291213;B
20240205;100005;585.900000000;1;9523291217;B
20240205;100005;585.900000000;18;9523291221;B
20240205;100005;585.600000000;2;9523291223;S
20240205;100005;585.900000000;2;9523291224;B
20240205;100005;585.900000000;2;9523291227;B
20240205;100005;585.900000000;406;9523291230;B
20240205;100005;585.900000000;1;9523291231;B
20240205;100005;586.000000000;2;9523291233;B
20240205;100005;585.950000000;2;9523291235;B
20240205;100005;585.600000000;1;9523291236;S
20240205;100005;585.950000000;2;9523291241;B
20240205;100005;585.950000000;2;9523291243;B
20240205;100005;585.950000000;2;9523291244;B
20240205;100005;585.600000000;2;9523291247;S
20240205;100005;585.600000000;2;9523291253;S
20240205;100005;585.950000000;2;9523291255;B
20240205;100005;585.950000000;2;9523291259;B
20240205;100005;585.600000000;18;9523291262;S
20240205;100005;585.950000000;2;9523291266;B
20240205;100005;585.950000000;2;9523291267;B
20240205;100005;585.950000000;3;9523291269;B
20240205;100005;585.600000000;50;9523291271;S
20240205;100005;585.600000000;3;9523291273;S
20240205;100005;585.950000000;2;9523291279;B
20240205;100005;585.950000000;1;9523291286;B
20240205;100005;585.950000000;1;9523291289;B
20240205;100005;585.900000000;2;9523291291;B
20240205;100005;585.900000000;1;9523291292;B
20240205;100005;585.900000000;1;9523291293;B
20240205;100005;585.900000000;1;9523291295;B
20240205;100005;585.600000000;2;9523291297;S
20240205;100005;585.900000000;2;9523291298;B
20240205;100005;585.900000000;2;9523291302;B
20240205;100005;585.900000000;1;9523291314;B
20240205;100005;585.600000000;2;9523291329;S
20240205;100005;585.600000000;79;9523291339;S
20240205;100005;585.500000000;371;9523291340;S
20240205;100005;585.400000000;1;9523291360;S
20240205;100005;585.900000000;2;9523291364;B
20240205;100005;585.650000000;1;9523291374;B
20240205;100005;585.600000000;1;9523291378;B
20240205;100005;585.600000000;2;9523291379;B
20240205;100005;585.600000000;1;9523291380;B
20240205;100005;585.600000000;1;9523291386;B
20240205;100005;585.600000000;3;9523291387;B
20240205;100005;585.600000000;2;9523291391;B
20240205;100005;585.600000000;421;9523291424;B
20240205;100005;585.350000000;1;9523291425;S
20240205;100005;585.600000000;2;9523291426;B
20240205;100005;585.600000000;1;9523291433;B
20240205;100005;585.600000000;1;9523291439;B
20240205;100005;585.350000000;3;9523291441;S
20240205;100005;585.600000000;2;9523291443;B
20240205;100005;585.350000000;1;9523291451;S
20240205;100005;585.600000000;1;9523291457;B
20240205;100005;585.350000000;2;9523291458;S
20240205;100005;585.600000000;2;9523291461;B
20240205;100005;585.600000000;2;9523291470;B
20240205;100005;585.600000000;2;9523291472;B
20240205;100005;585.350000000;62;9523291491;S
20240205;100005;585.350000000;1;9523291510;S
20240205;100005;585.350000000;8;9523291527;S
20240205;100005;585.350000000;1;9523291598;S
20240205;100005;585.350000000;2;9523291606;S
20240205;100005;585.350000000;1;9523291611;S
20240205;100005;585.600000000;2;9523291622;B
20240205;100005;585.600000000;1;9523291626;B
20240205;100005;585.600000000;1;9523291635;B
20240205;100005;585.600000000;2;9523291636;B
20240205;100005;585.600000000;1;9523291639;B
20240205;100005;585.600000000;65;9523291730;B
20240205;100005;585.350000000;80;9523291763;S
20240205;100005;585.600000000;170;9523291951;B
20240205;100005;585.600000000;205;9523291973;B
20240205;100005;585.650000000;195;9523291974;B
20240205;100005;585.350000000;1;9523291977;S
20240205;100005;585.650000000;145;9523291985;B
20240205;100005;585.650000000;129;9523292049;B
20240205;100005;585.650000000;2;9523292051;B
20240205;100005;585.650000000;2;9523292052;B
20240205;100005;585.650000000;2;9523292055;B
20240205;100005;585.650000000;2;9523292057;B
20240205;100005;585.650000000;2;9523292058;B
20240205;100005;585.650000000;1;9523292061;B
20240205;100005;585.650000000;1;9523292063;B
20240205;100005;585.550000000;2;9523292068;S
20240205;100005;585.650000000;2;9523292071;B
20240205;100005;585.650000000;2;9523292073;B
20240205;100005;585.650000000;3;9523292085;B
20240205;100005;585.550000000;1;9523292091;S
20240205;100005;585.650000000;1;9523292093;B
20240205;100005;585.550000000;1;9523292095;S
20240205;100005;585.650000000;2;9523292098;B
20240205;100005;585.650000000;2;9523292100;B
20240205;100005;585.650000000;1;9523292102;B
20240205;100005;585.650000000;2;9523292105;B
20240205;100005;585.650000000;2;9523292109;B
20240205;100005;585.650000000;3;9523292114;B
20240205;100005;585.650000000;1;9523292117;B
20240205;100005;585.550000000;2;9523292118;S
20240205;100005;585.350000000;998;9523292119;S
20240205;100005;585.650000000;2;9523292120;B
20240205;100005;585.650000000;1;9523292125;B
20240205;100005;585.650000000;1;9523292127;B
20240205;100005;585.650000000;2;9523292129;B
20240205;100005;585.650000000;2;9523292130;B
20240205;100005;585.650000000;1;9523292131;B
20240205;100005;585.350000000;1;9523292135;S
20240205;100005;585.650000000;2;9523292149;B
20240205;100005;585.650000000;1;9523292152;B
20240205;100005;585.350000000;82;9523292153;S
20240205;100005;585.650000000;1;9523292155;B
20240205;100005;585.650000000;2;9523292156;B
20240205;100005;585.650000000;2;9523292164;B
20240205;100005;585.650000000;1;9523292167;B
20240205;100005;585.650000000;2;9523292174;B
20240205;100005;585.650000000;2;9523292179;B
20240205;100005;585.350000000;1;9523292180;S
20240205;100005;585.650000000;1;9523292181;B
20240205;100005;585.650000000;153;9523292185;B
20240205;100005;585.650000000;2;9523292188;B
20240205;100005;585.350000000;2;9523292191;S
20240205;100005;585.350000000;1;9523292195;S
20240205;100005;585.650000000;7;9523292199;B
20240205;100005;585.650000000;2;9523292200;B
20240205;100005;585.650000000;2;9523292206;B
20240205;100005;585.350000000;2;9523292211;S
20240205;100005;585.350000000;1;9523292215;S
20240205;100005;585.350000000;4;9523292219;S
20240205;100005;585.650000000;1;9523292226;B
20240205;100005;585.650000000;1;9523292228;B
20240205;100005;585.650000000;1;9523292241;B
20240205;100005;585.650000000;1;9523292248;B
20240205;100005;585.650000000;2;9523292256;B
20240205;100005;585.650000000;1;9523292258;B
20240205;100005;585.650000000;2;9523292261;B
20240205;100005;585.650000000;1;9523292263;B
20240205;100005;585.650000000;2;9523292268;B
20240205;100005;585.650000000;2;9523292273;B
20240205;100005;585.350000000;3;9523292275;S
20240205;100005;585.650000000;5;9523292291;B
20240205;100005;585.650000000;1;9523292299;B
20240205;100005;585.650000000;3;9523292300;B
20240205;100005;585.350000000;1;9523292304;S
20240205;100005;585.650000000;1;9523292312;B
20240205;100005;585.650000000;2;9523292325;B
20240205;100005;585.650000000;2;9523292330;B
20240205;100005;585.350000000;1;9523292333;S
20240205;100005;585.650000000;2;9523292335;B
20240205;100005;585.650000000;2;9523292338;B
20240205;100005;585.350000000;3;9523292341;S
20240205;100005;585.650000000;2;9523292352;B
20240205;100005;585.650000000;1;9523292360;B
20240205;100005;585.650000000;1;9523292366;B
20240205;100005;585.350000000;5;9523292373;S
20240205;100005;585.650000000;2;9523292375;B
20240205;100005;585.350000000;1;9523292390;S
20240205;100005;585.650000000;1;9523292396;B
20240205;100005;585.650000000;1;9523292399;B
20240205;100005;585.650000000;2;9523292402;B
20240205;100005;585.650000000;2;9523292403;B
20240205;100005;585.650000000;2;9523292405;B
20240205;100005;585.650000000;1;9523292409;B
20240205;100005;585.350000000;2;9523292413;S
20240205;100005;585.650000000;1;9523292417;B
20240205;100005;585.650000000;2;9523292420;B
20240205;100005;585.650000000;1;9523292425;B
20240205;100005;585.650000000;1;9523292426;B
20240205;100005;585.650000000;2;9523292427;B
20240205;100005;585.350000000;50;9523292429;S
20240205;100005;585.650000000;2;9523292431;B
20240205;100005;585.350000000;2;9523292434;S
20240205;100005;585.350000000;1;9523292436;S
20240205;100005;585.350000000;2;9523292439;S
20240205;100005;585.650000000;2;9523292441;B
20240205;100005;585.650000000;2;9523292443;B
20240205;100005;585.650000000;2;9523292444;B
20240205;100005;585.650000000;1;9523292448;B
20240205;100005;585.650000000;1;9523292452;B
20240205;100005;585.350000000;1;9523292456;S
20240205;100005;585.650000000;1;9523292463;B
20240205;100005;585.650000000;1;9523292467;B
20240205;100005;585.350000000;2;9523292469;S
20240205;100005;585.350000000;2;9523292471;S
20240205;100005;585.650000000;6;9523292479;B
20240205;100005;585.650000000;1;9523292484;B
20240205;100005;585.350000000;1;9523292497;S
20240205;100005;585.650000000;1;9523292503;B
20240205;100005;585.350000000;1;9523292507;S
20240205;100005;585.650000000;2;9523292512;B
20240205;100005;585.650000000;1;9523292517;B
20240205;100005;585.650000000;1;9523292520;B
20240205;100005;585.650000000;2;9523292526;B
20240205;100005;585.650000000;1;9523292528;B
20240205;100005;585.650000000;18;9523292532;B
20240205;100005;585.650000000;1;9523292533;B
20240205;100005;585.650000000;10;9523292541;B
20240205;100005;585.650000000;1;9523292542;B
20240205;100005;585.650000000;1;9523292547;B
20240205;100005;585.650000000;2;9523292557;B
20240205;100005;585.650000000;1;9523292577;B
20240205;100005;585.650000000;2;9523292589;B
20240205;100005;585.350000000;5;9523292591;S
20240205;100005;585.350000000;1;9523292595;S
20240205;100005;585.650000000;2;9523292597;B
20240205;100005;585.350000000;2;9523292598;S
20240205;100005;585.350000000;2;9523292602;S
20240205;100005;585.650000000;1;9523292608;B
20240205;100005;585.650000000;1;9523292615;B
20240205;100005;585.350000000;25;9523292672;S
20240205;100005;585.650000000;10;9523292710;B
20240205;100005;585.350000000;2;9523292719;S
20240205;100005;585.400000000;5;9523292912;S
20240205;100005;585.400000000;28;9523292916;S
20240205;100005;585.400000000;1;9523293006;S
20240205;100005;585.400000000;22;9523293020;S
20240205;100005;585.400000000;10;9523293024;S
20240205;100005;585.400000000;35;9523293026;S
20240205;100005;585.400000000;1;9523293033;S
20240205;100006;585.500000000;1;9523293258;B
20240205;100006;585.550000000;3;9523293267;S
20240205;100006;585.550000000;23;9523293269;S
20240205;100006;585.650000000;18;9523293285;B
20240205;100006;585.550000000;10;9523293331;S
20240205;100006;585.550000000;20;9523293342;S
20240205;100006;585.650000000;18;9523293353;B
20240205;100006;585.650000000;500;9523293445;B
20240205;100006;585.650000000;18;9523293469;B
20240205;100006;585.550000000;2;9523293481;S
20240205;100006;585.550000000;1;9523293489;S
20240205;100006;585.550000000;100;9523293505;S
20240205;100006;585.550000000;2;9523293510;S
20240205;100006;585.650000000;20;9523293569;B
20240205;100006;585.550000000;10;9523293629;S
20240205;100006;585.550000000;11;9523293631;S
20240205;100006;585.550000000;20;9523293654;S
20240205;100006;585.550000000;2;9523293759;S
20240205;100006;585.650000000;2;9523293764;B
20240205;100006;585.650000000;2;9523293769;B
20240205;100006;585.650000000;2;9523293770;B
20240205;100006;585.650000000;10;9523293776;B
20240205;100006;585.650000000;2;9523293778;B
20240205;100006;585.650000000;2;9523293782;B
20240205;100006;585.650000000;2;9523293785;B
20240205;100006;585.650000000;2;9523293790;B
20240205;100006;585.550000000;26;9523293793;S
20240205;100006;585.650000000;2;9523293801;B
20240205;100006;585.650000000;1;9523293812;B
20240205;100006;585.550000000;2;9523293819;S
20240205;100006;585.650000000;7;9523293822;B
20240205;100006;585.650000000;2;9523293831;B
20240205;100006;585.650000000;1;9523293837;B
20240205;100006;585.650000000;2;9523293841;B
20240205;100006;585.550000000;1;9523293844;S
20240205;100006;585.650000000;2;9523293847;B
20240205;100006;585.650000000;1;9523293848;B
20240205;100006;585.550000000;2;9523293850;S
20240205;100006;585.550000000;1;9523293851;S
20240205;100006;585.650000000;2;9523293854;B
20240205;100006;585.550000000;1;9523293856;S
20240205;100006;585.550000000;2;9523293857;S
20240205;100006;585.650000000;1;9523293858;B
20240205;100006;585.650000000;2;9523293861;B
20240205;100006;585.650000000;3;9523293863;B
20240205;100006;585.650000000;3;9523293864;B
20240205;100006;585.550000000;3;9523293866;S
20240205;100006;585.650000000;2;9523293867;B
20240205;100006;585.650000000;2;9523293869;B
20240205;100006;585.650000000;2;9523293871;B
20240205;100006;585.650000000;2;9523293874;B
20240205;100006;585.550000000;2;9523293876;S
20240205;100006;585.650000000;2;9523293878;B
20240205;100006;585.650000000;2;9523293880;B
20240205;100006;585.550000000;1;9523293887;S
20240205;100006;585.650000000;1;9523293888;B
20240205;100006;585.650000000;2;9523293892;B
20240205;100006;585.550000000;2;9523293893;S
20240205;100006;585.650000000;1;9523293903;B
20240205;100006;585.650000000;2;9523293906;B
20240205;100006;585.650000000;2;9523293907;B
20240205;100006;585.550000000;1;9523293910;S
20240205;100006;585.650000000;1;9523293911;B
20240205;100006;585.650000000;1;9523293916;B
20240205;100006;585.550000000;2;9523293917;S
20240205;100006;585.650000000;1;9523293919;B
20240205;100006;585.550000000;1;9523293920;S
20240205;100006;585.650000000;3;9523293922;B
20240205;100006;585.650000000;7;9523293924;B
20240205;100006;585.650000000;1;9523293930;B
20240205;100006;585.650000000;1;9523293934;B
20240205;100006;585.650000000;2;9523293936;B
20240205;100006;585.550000000;10;9523293938;S
20240205;100006;585.650000000;2;9523293939;B
20240205;100006;585.650000000;2;9523293941;B
20240205;100006;585.550000000;2;9523293943;S
20240205;100006;585.650000000;2;9523293945;B
20240205;100006;585.650000000;1;9523293947;B
20240205;100006;585.650000000;2;9523293948;B
20240205;100006;585.650000000;1;9523293949;B
20240205;100006;585.550000000;7;9523293950;S
20240205;100006;585.650000000;2;9523293951;B
20240205;100006;585.650000000;2;9523293953;B
20240205;100006;585.550000000;1;9523293958;S
20240205;100006;585.650000000;2;9523293960;B
20240205;100006;585.550000000;1;9523293961;S
20240205;100006;585.650000000;1;9523293963;B
20240205;100006;585.550000000;2;9523293965;S
20240205;100006;585.550000000;2;9523293966;S
20240205;100006;585.650000000;2;9523293967;B
20240205;100006;585.650000000;2;9523293968;B
20240205;100006;585.650000000;2;9523293969;B
20240205;100006;585.650000000;2;9523293970;B
20240205;100006;585.650000000;1;9523293971;B
20240205;100006;585.650000000;2;9523293972;B
20240205;100006;585.650000000;2;9523293973;B
20240205;100006;585.650000000;2;9523293974;B
20240205;100006;585.550000000;4;9523293975;S
20240205;100006;585.650000000;2;9523293976;B
20240205;100006;585.550000000;1;9523293977;S
20240205;100006;585.550000000;2;9523293978;S
20240205;100006;585.650000000;19;9523293981;B
20240205;100006;585.550000000;1;9523293982;S
20240205;100006;585.550000000;2;9523293983;S
20240205;100006;585.650000000;2;9523293984;B
20240205;100006;585.550000000;2;9523293985;S
20240205;100006;585.550000000;4;9523293986;S
20240205;100006;585.650000000;2;9523293987;B
20240205;100006;585.650000000;2;9523293988;B
20240205;100006;585.650000000;2;9523293989;B
20240205;100006;585.550000000;2;9523293990;S
20240205;100006;585.650000000;1;9523293991;B
20240205;100006;585.650000000;1;9523293992;B
20240205;100006;585.650000000;2;9523293994;B
20240205;100006;585.650000000;2;9523293995;B
20240205;100006;585.650000000;2;9523293996;B
20240205;100006;585.550000000;5;9523293997;S
20240205;100006;585.650000000;2;9523293998;B
20240205;100006;585.650000000;1;9523294000;B
20240205;100006;585.550000000;1;9523294001;S
20240205;100006;585.650000000;2;9523294002;B
20240205;100006;585.650000000;2;9523294003;B
20240205;100006;585.650000000;256;9523294006;B
20240205;100006;585.650000000;2;9523294010;B
20240205;100006;585.550000000;2;9523294017;S
20240205;100006;585.550000000;2;9523294018;S
20240205;100006;585.650000000;1;9523294022;B
20240205;100006;585.550000000;53;9523294025;S
20240205;100006;585.550000000;3;9523294028;S
20240205;100006;585.650000000;1;9523294030;B
20240205;100006;585.650000000;2;9523294034;B
20240205;100006;585.650000000;1;9523294035;B
20240205;100006;585.650000000;1;9523294037;B
20240205;100006;585.550000000;2;9523294038;S
20240205;100006;585.650000000;1;9523294040;B
20240205;100006;585.650000000;2;9523294053;B
20240205;100006;585.650000000;1;9523294054;B
20240205;100006;585.650000000;2;9523294057;B
20240205;100006;585.650000000;2;9523294058;B
20240205;100006;585.650000000;2;9523294059;B
20240205;100006;585.650000000;1;9523294061;B
20240205;100006;585.550000000;1;9523294064;S
20240205;100006;585.550000000;1;9523294112;S
20240205;100006;585.550000000;56;9523294338;S
20240205;100006;585.400000000;14;9523294339;S
20240205;100006;585.650000000;4;9523294650;B
20240205;100006;585.400000000;15;9523294677;S
20240205;100006;585.400000000;114;9523294680;S
20240205;100006;585.350000000;226;9523294681;S
20240205;100006;585.350000000;53;9523294684;S
20240205;100006;585.350000000;9;9523294685;S
20240205;100006;585.350000000;20;9523294691;S
20240205;100006;585.350000000;48;9523294702;S
20240205;100006;585.350000000;50;9523294704;S
20240205;100006;585.350000000;2;9523294705;S
20240205;100006;585.350000000;6;9523294706;S
20240205;100006;585.350000000;60;9523294712;S
20240205;100006;585.350000000;20;9523294714;S
20240205;100006;585.350000000;33;9523294732;S
20240205;100006;585.650000000;2;9523294748;B
20240205;100006;585.650000000;1;9523294751;B
20240205;100006;585.350000000;1;9523294773;S
20240205;100006;585.650000000;1;9523294779;B
20240205;100006;585.650000000;2;9523294780;B
20240205;100006;585.650000000;1;9523294794;B
20240205;100006;585.650000000;2;9523294804;B
20240205;100006;585.350000000;1;9523294805;S
20240205;100006;585.650000000;2;9523294807;B
20240205;100006;585.650000000;1;9523294813;B
20240205;100006;585.650000000;2;9523294815;B
20240205;100006;585.650000000;2;9523294818;B
20240205;100006;585.350000000;2;9523294825;S
20240205;100006;585.650000000;1;9523294829;B
20240205;100006;585.650000000;5;9523294832;B
20240205;100006;585.650000000;1;9523294833;B
20240205;100006;585.650000000;1;9523294841;B
20240205;100006;585.650000000;2;9523294845;B
20240205;100006;585.650000000;2;9523294848;B
20240205;100006;585.350000000;4;9523294851;S
20240205;100006;585.650000000;22;9523295027;B
20240205;100006;585.650000000;1;9523295263;B
20240205;100006;585.650000000;2;9523295270;B
20240205;100006;585.650000000;2;9523295272;B
20240205;100006;585.650000000;2;9523295278;B
20240205;100006;585.650000000;2;9523295281;B
20240205;100006;585.650000000;1;9523295287;B
20240205;100006;585.350000000;2;9523295288;S
20240205;100006;585.650000000;2;9523295293;B
20240205;100006;585.350000000;2;9523295296;S
20240205;100006;585.350000000;2;9523295302;S
20240205;100006;585.650000000;2;9523295306;B
20240205;100006;585.650000000;2;9523295308;B
20240205;100006;585.650000000;1;9523295324;B
20240205;100006;585.650000000;2;9523295325;B
20240205;100006;585.650000000;52;9523295329;B
20240205;100006;585.350000000;1;9523295331;S
20240205;100006;585.650000000;3;9523295332;B
20240205;100006;585.650000000;2;9523295333;B
20240205;100006;585.650000000;7;9523295336;B
20240205;100006;585.650000000;2;9523295337;B
20240205;100006;585.350000000;1;9523295340;S
20240205;100006;585.650000000;1;9523295341;B
20240205;100006;585.350000000;2;9523295350;S
20240205;100006;585.650000000;2;9523295353;B
20240205;100006;585.650000000;2;9523295355;B
20240205;100006;585.350000000;4;9523295356;S
20240205;100006;585.350000000;1;9523295357;S
20240205;100006;585.650000000;2;9523295359;B
20240205;100006;585.350000000;10;9523295361;S
20240205;100006;585.650000000;2;9523295362;B
20240205;100006;585.650000000;1;9523295363;B
20240205;100006;585.650000000;1;9523295367;B
20240205;100006;585.350000000;1;9523295368;S
20240205;100006;585.650000000;1;9523295369;B
20240205;100006;585.650000000;1;9523295371;B
20240205;100006;585.650000000;2;9523295373;B
20240205;100006;585.650000000;2;9523295374;B
20240205;100006;585.650000000;1;9523295375;B
20240205;100006;585.650000000;2;9523295377;B
20240205;100006;585.650000000;2;9523295378;B
20240205;100006;585.650000000;2;9523295382;B
20240205;100006;585.350000000;4;9523295383;S
20240205;100006;585.650000000;1;9523295385;B
20240205;100006;585.650000000;2;9523295386;B
20240205;100006;585.650000000;2;9523295389;B
20240205;100006;585.650000000;1;9523295392;B
20240205;100006;585.650000000;1;9523295393;B
20240205;100006;585.650000000;1;9523295394;B
20240205;100006;585.650000000;2;9523295395;B
20240205;100006;585.650000000;1;9523295396;B
20240205;100006;585.600000000;5;9523295400;B
20240205;100006;585.650000000;5;9523295401;B
20240205;100006;585.650000000;2;9523295402;B
20240205;100006;585.650000000;2;9523295405;B
20240205;100006;585.650000000;1;9523295406;B
20240205;100006;585.650000000;1;9523295410;B
20240205;100006;585.350000000;2;9523295412;S
20240205;100006;585.650000000;1;9523295414;B
20240205;100006;585.350000000;2;9523295415;S
20240205;100006;585.650000000;2;9523295417;B
20240205;100006;585.650000000;2;9523295422;B
20240205;100006;585.650000000;1;9523295424;B
20240205;100006;585.650000000;1;9523295426;B
20240205;100006;585.650000000;2;9523295430;B
20240205;100006;585.350000000;2;9523295438;S
20240205;100006;585.650000000;4;9523295441;B
20240205;100006;585.350000000;1;9523295442;S
20240205;100006;585.650000000;2;9523295444;B
20240205;100006;585.650000000;1;9523295450;B
20240205;100006;585.650000000;2;9523295470;B
20240205;100006;585.650000000;2;9523295471;B
20240205;100006;585.350000000;2;9523295472;S
20240205;100006;585.650000000;2;9523295476;B
20240205;100006;585.650000000;2;9523295478;B
20240205;100006;585.350000000;2;9523295482;S
20240205;100006;585.650000000;2;9523295485;B
20240205;100006;585.650000000;1;9523295489;B
20240205;100006;585.650000000;2;9523295492;B
20240205;100006;585.350000000;2;9523295495;S
20240205;100006;585.350000000;2;9523295499;S
20240205;100006;585.650000000;2;9523295501;B
20240205;100006;585.650000000;2;9523295502;B
20240205;100006;585.650000000;100;9523295503;B
20240205;100006;585.350000000;45;9523295504;S
20240205;100006;585.650000000;1;9523295507;B
20240205;100006;585.350000000;2;9523295511;S
20240205;100006;585.650000000;2;9523295512;B
20240205;100006;585.650000000;2;9523295513;B
20240205;100006;585.350000000;1;9523295516;S
20240205;100006;585.650000000;2;9523295518;B
20240205;100006;585.350000000;2;9523295521;S
20240205;100006;585.650000000;2;9523295522;B
20240205;100006;585.350000000;1;9523295524;S
20240205;100006;585.650000000;3;9523295525;B
20240205;100006;585.350000000;1;9523295526;S
20240205;100006;585.350000000;1;9523295532;S
20240205;100006;585.650000000;2;9523295534;B
20240205;100006;585.650000000;4;9523295537;B
20240205;100006;585.650000000;1;9523295540;B
20240205;100006;585.650000000;1;9523295541;B
20240205;100006;585.650000000;2;9523295543;B
20240205;100006;585.650000000;1;9523295545;B
20240205;100006;585.350000000;3;9523295548;S
20240205;100006;585.650000000;7;9523295550;B
20240205;100006;585.650000000;1;9523295552;B
20240205;100006;585.350000000;2;9523295553;S
20240205;100006;585.650000000;1;9523295558;B
20240205;100006;585.650000000;2;9523295563;B
20240205;100006;585.350000000;20;9523295564;S
20240205;100006;585.350000000;2;9523295567;S
20240205;100006;585.650000000;2;9523295571;B
20240205;100006;585.650000000;1;9523295572;B
20240205;100006;585.650000000;3;9523295573;B
20240205;100006;585.650000000;1;9523295587;B
20240205;100006;585.350000000;1;9523295592;S
20240205;100006;585.350000000;1;9523295596;S
20240205;100006;585.650000000;2;9523295604;B
20240205;100006;585.350000000;1;9523295668;S
20240205;100006;585.350000000;2;9523295820;S
20240205;100006;585.650000000;3;9523295822;B
20240205;100006;585.650000000;2;9523295824;B
20240205;100006;585.650000000;1;9523295840;B
20240205;100006;585.650000000;2;9523295844;B
20240205;100006;585.650000000;10;9523295865;B
20240205;100006;585.650000000;1;9523295867;B
20240205;100006;585.350000000;1;9523295874;S
20240205;100006;585.650000000;1;9523295898;B
20240205;100006;585.650000000;2;9523295899;B
20240205;100006;585.650000000;5;9523295905;B
20240205;100006;585.350000000;2;9523295950;S
20240205;100006;585.650000000;1;9523295953;B
20240205;100006;585.650000000;1;9523295955;B
20240205;100006;585.650000000;1;9523295957;B
20240205;100006;585.650000000;13;9523295958;B
20240205;100006;585.650000000;2;9523295961;B
20240205;100006;585.650000000;1;9523295962;B
20240205;100006;585.650000000;2;9523295967;B
20240205;100006;585.650000000;1;9523295970;B
20240205;100006;585.650000000;2;9523296007;B
20240205;100006;585.650000000;2;9523296011;B
20240205;100006;585.650000000;1;9523296016;B
20240205;100006;585.650000000;2;9523296018;B
20240205;100006;585.350000000;1;9523296024;S
20240205;100006;585.350000000;2;9523296027;S
20240205;100006;585.650000000;2;9523296031;B
20240205;100006;585.350000000;2;9523296035;S
20240205;100006;585.650000000;1;9523296039;B
20240205;100006;585.650000000;2;9523296042;B
20240205;100006;585.350000000;20;9523296043;S
20240205;100006;585.650000000;2;9523296045;B
20240205;100006;585.650000000;2;9523296047;B
20240205;100006;585.350000000;2;9523296051;S
20240205;100006;585.650000000;2;9523296052;B
20240205;100006;585.650000000;1;9523296058;B
20240205;100006;585.650000000;2;9523296065;B
20240205;100006;585.650000000;3;9523296068;B
20240205;100006;585.650000000;1;9523296072;B
20240205;100006;585.650000000;1;9523296075;B
20240205;100006;585.650000000;1;9523296077;B
20240205;100006;585.350000000;2;9523296081;S
20240205;100006;585.350000000;2;9523296083;S
20240205;100006;585.350000000;1;9523296086;S
20240205;100006;585.650000000;1;9523296088;B
20240205;100006;585.650000000;1;9523296090;B
20240205;100006;585.350000000;4;9523296092;S
20240205;100006;585.350000000;50;9523296093;S
20240205;100006;585.650000000;2;9523296096;B
20240205;100006;585.350000000;2;9523296100;S
20240205;100006;585.650000000;2;9523296105;B
20240205;100006;585.650000000;2;9523296108;B
20240205;100006;585.650000000;2;9523296115;B
20240205;100006;585.650000000;8;9523296117;B
20240205;100006;585.650000000;2;9523296122;B
20240205;100006;585.650000000;1;9523296124;B
20240205;100006;585.650000000;2;9523296126;B
20240205;100006;585.350000000;1;9523296128;S
20240205;100006;585.650000000;1;9523296129;B
20240205;100006;585.650000000;1;9523296130;B
20240205;100006;585.650000000;2;9523296133;B
20240205;100006;585.350000000;1;9523296134;S
20240205;100006;585.650000000;2;9523296135;B
20240205;100006;585.650000000;2;9523296137;B
20240205;100006;585.650000000;1;9523296138;B
20240205;100006;585.650000000;8;9523296140;B
20240205;100006;585.650000000;2;9523296141;B
20240205;100006;585.350000000;2;9523296142;S
20240205;100006;585.650000000;2;9523296145;B
20240205;100006;585.650000000;1;9523296146;B
20240205;100006;585.350000000;2;9523296147;S
20240205;100006;585.650000000;2;9523296149;B
20240205;100006;585.650000000;1;9523296151;B
20240205;100006;585.650000000;300;9523296153;B
20240205;100006;585.650000000;1;9523296155;B
20240205;100006;585.650000000;3;9523296156;B
20240205;100006;585.350000000;2;9523296160;S
20240205;100006;585.350000000;20;9523296164;S
20240205;100006;585.650000000;50;9523296166;B
20240205;100006;585.350000000;2;9523296169;S
20240205;100006;585.650000000;1;9523296175;B
20240205;100006;585.350000000;1;9523296179;S
20240205;100006;585.650000000;1;9523296185;B
20240205;100006;585.650000000;2;9523296192;B
20240205;100006;585.650000000;1;9523296194;B
20240205;100006;585.650000000;1;9523296199;B
20240205;100006;585.350000000;1;9523296203;S
20240205;100006;585.350000000;22;9523296206;S
20240205;100006;585.650000000;2;9523296208;B
20240205;100006;585.650000000;1;9523296213;B
20240205;100006;585.650000000;2;9523296216;B
20240205;100006;585.650000000;4;9523296220;B
20240205;100006;585.650000000;5;9523296229;B
20240205;100006;585.600000000;1;9523296231;B
20240205;100006;585.600000000;1;9523296235;B
20240205;100006;585.600000000;2;9523296238;B
20240205;100006;585.600000000;219;9523296241;B
20240205;100006;585.650000000;233;9523296242;B
20240205;100006;585.700000000;3;9523296243;B
20240205;100006;585.700000000;30;9523296244;B
20240205;100006;585.800000000;3;9523296245;B
20240205;100006;585.800000000;10;9523296246;B
20240205;100006;585.800000000;2;9523296247;B
20240205;100006;585.800000000;2;9523296248;B
20240205;100006;585.800000000;2;9523296253;B
20240205;100006;585.800000000;1;9523296257;B
20240205;100006;585.800000000;2;9523296261;B
20240205;100006;585.400000000;1;9523296263;S
20240205;100006;585.800000000;2;9523296270;B
20240205;100006;585.400000000;34;9523296281;S
20240205;100006;585.800000000;1;9523296282;B
20240205;100006;585.800000000;1;9523296292;B
20240205;100006;585.400000000;2;9523296294;S
20240205;100006;585.800000000;2;9523296297;B
20240205;100006;585.800000000;2;9523296302;B
20240205;100006;585.400000000;1;9523296303;S
20240205;100006;585.800000000;1;9523296308;B
20240205;100006;585.800000000;1;9523296311;B
20240205;100006;585.800000000;2;9523296322;B
20240205;100006;585.800000000;1;9523296324;B
20240205;100006;585.850000000;2;9523296325;B
20240205;100006;585.400000000;17;9523296331;S
20240205;100006;585.850000000;1;9523296333;B
20240205;100006;585.900000000;1;9523296334;B
20240205;100006;585.900000000;2;9523296340;B
20240205;100006;585.900000000;1;9523296341;B
20240205;100006;585.900000000;2;9523296344;B
20240205;100006;585.900000000;1;9523296345;B
20240205;100006;585.900000000;10;9523296352;B
20240205;100006;585.400000000;2;9523296358;S
20240205;100006;585.900000000;2;9523296359;B
20240205;100006;585.900000000;1;9523296364;B
20240205;100006;585.900000000;2;9523296366;B
20240205;100006;585.450000000;2;9523296369;S
20240205;100006;585.900000000;2;9523296373;B
20240205;100006;585.400000000;2;9523296375;S
20240205;100006;585.900000000;3;9523296382;B
20240205;100006;585.900000000;1;9523296386;B
20240205;100006;585.900000000;2;9523296389;B
20240205;100006;585.900000000;2;9523296390;B
20240205;100006;585.900000000;6;9523296391;B
20240205;100006;585.900000000;5;9523296392;B
20240205;100006;585.900000000;30;9523296393;B
20240205;100006;585.900000000;36;9523296394;B
20240205;100006;585.900000000;2;9523296395;B
20240205;100006;585.900000000;5;9523296396;B
20240205;100006;585.950000000;1;9523296398;B
20240205;100006;585.900000000;1;9523296401;S
20240205;100006;585.900000000;2;9523296402;S
20240205;100006;585.950000000;10;9523296409;B
20240205;100006;585.950000000;2;9523296410;B
20240205;100006;585.900000000;1;9523296414;S
20240205;100006;585.950000000;1;9523296415;B
20240205;100006;585.900000000;18;9523296423;S
20240205;100006;585.950000000;1;9523296428;B
20240205;100006;585.900000000;2;9523296430;S
20240205;100006;585.900000000;1;9523296434;S
20240205;100006;585.900000000;2;9523296436;S
20240205;100006;585.950000000;2;9523296437;B
20240205;100006;585.900000000;1;9523296439;S
20240205;100006;585.950000000;2;9523296448;B
20240205;100006;585.950000000;2;9523296452;B
20240205;100006;585.950000000;2;9523296470;B
20240205;100006;585.900000000;3;9523296483;S
20240205;100006;585.950000000;1;9523296529;B
20240205;100006;585.900000000;100;9523296626;S
20240205;100006;585.950000000;2;9523296779;B
20240205;100006;585.950000000;1;9523296784;B
20240205;100006;585.950000000;2;9523296790;B
20240205;100006;585.950000000;2;9523296793;B
20240205;100006;585.950000000;10;9523296801;B
20240205;100006;585.950000000;25;9523296802;B
20240205;100006;585.950000000;25;9523296803;B
20240205;100006;585.950000000;20;9523296804;B
20240205;100006;586.000000000;47;9523296805;B
20240205;100006;586.000000000;1;9523296806;B
20240205;100006;586.000000000;2;9523296807;B
20240205;100006;586.000000000;60;9523296808;B
20240205;100006;586.000000000;2;9523296809;B
20240205;100006;586.000000000;1;9523296810;B
20240205;100006;586.000000000;1;9523296811;B
20240205;100006;586.000000000;80;9523296812;B
20240205;100006;586.000000000;10;9523296813;B
20240205;100006;586.000000000;4;9523296814;B
20240205;100006;586.000000000;333;9523296815;B
20240205;100006;586.000000000;10;9523296816;B
20240205;100006;586.000000000;5;9523296817;B
20240205;100006;586.000000000;88;9523296818;B
20240205;100006;586.000000000;500;9523296819;B
20240205;100006;586.000000000;3;9523296820;B
20240205;100006;586.000000000;14;9523296821;B
20240205;100006;586.000000000;1259;9523296822;B
20240205;100006;585.900000000;1;9523296829;S
20240205;100006;586.000000000;2;9523296839;B
20240205;100006;586.000000000;1;9523296848;B
20240205;100006;586.000000000;1;9523296853;B
20240205;100006;586.000000000;1;9523296856;B
20240205;100006;586.000000000;2;9523296861;B
20240205;100006;586.000000000;2;9523296867;B
20240205;100006;585.900000000;1;9523296872;S
20240205;100007;586.000000000;1;9523296878;B
20240205;100007;586.000000000;2;9523296883;B
20240205;100007;586.000000000;1;9523296889;B
20240205;100007;586.000000000;2;9523296898;B
20240205;100007;585.900000000;2;9523296901;S
20240205;100007;586.000000000;2;9523296911;B
20240205;100007;586.000000000;1;9523296917;B
20240205;100007;586.000000000;2;9523296918;B
20240205;100007;586.000000000;2;9523296928;B
20240205;100007;586.000000000;2;9523296931;B
20240205;100007;586.000000000;1;9523296932;B
20240205;100007;585.900000000;3;9523296938;S
20240205;100007;586.000000000;1;9523296957;B
20240205;100007;586.000000000;1;9523296959;B
20240205;100007;585.900000000;5;9523296968;S
20240205;100007;586.000000000;2;9523296973;B
20240205;100007;586.000000000;1;9523296977;B
20240205;100007;586.000000000;2;9523296984;B
20240205;100007;586.000000000;2;9523296988;B
20240205;100007;586.000000000;2;9523296992;B
20240205;100007;586.000000000;2;9523297000;B
20240205;100007;585.900000000;15;9523297004;S
20240205;100007;585.900000000;2;9523297006;S
20240205;100007;586.000000000;2;9523297019;B
20240205;100007;586.000000000;2;9523297024;B
20240205;100007;585.900000000;2;9523297034;S
20240205;100007;586.000000000;25;9523297037;B
20240205;100007;586.000000000;1;9523297041;B
20240205;100007;586.000000000;1;9523297043;B
20240205;100007;586.000000000;5;9523297045;B
20240205;100007;586.000000000;2;9523297059;B
20240205;100007;586.000000000;2;9523297060;B
20240205;100007;586.000000000;2;9523297069;B
20240205;100007;586.000000000;2;9523297078;B
20240205;100007;585.900000000;2;9523297083;S
20240205;100007;586.000000000;1;9523297085;B
20240205;100007;586.000000000;1;9523297087;B
20240205;100007;585.900000000;9;9523297090;S
20240205;100007;585.500000000;9;9523297091;S
20240205;100007;585.500000000;2;9523297092;S
20240205;100007;586.000000000;1;9523297096;B
20240205;100007;585.950000000;2;9523297098;B
20240205;100007;586.000000000;1;9523297101;B
20240205;100007;586.000000000;2;9523297102;B
20240205;100007;585.900000000;1;9523297108;B
20240205;100007;586.000000000;2;9523297115;B
20240205;100007;585.950000000;2;9523297121;B
20240205;100007;585.950000000;2;9523297128;B
20240205;100007;585.950000000;1;9523297134;B
20240205;100007;585.400000000;1;9523297139;S
20240205;100007;586.000000000;1;9523297156;B
20240205;100007;585.400000000;1;9523297162;S
20240205;100007;585.950000000;2;9523297171;B
20240205;100007;585.950000000;2;9523297181;B
20240205;100007;585.350000000;5;9523297187;S
20240205;100007;585.950000000;2;9523297198;B
20240205;100007;585.950000000;2;9523297207;B
20240205;100007;585.950000000;2;9523297212;B
20240205;100007;585.950000000;2;9523297214;B
20240205;100007;585.950000000;2;9523297220;B
20240205;100007;585.950000000;4;9523297222;B
20240205;100007;585.450000000;3;9523297224;S
20240205;100007;585.900000000;2;9523297228;B
20240205;100007;585.900000000;1;9523297230;B
20240205;100007;585.950000000;7;9523297231;B
20240205;100007;585.950000000;1;9523297234;B
20240205;100007;585.950000000;1;9523297238;B
20240205;100007;585.950000000;1;9523297246;B
20240205;100007;585.950000000;2;9523297249;B
20240205;100007;585.950000000;2;9523297251;B
20240205;100007;585.950000000;1;9523297261;B
20240205;100007;585.950000000;1;9523297264;B
20240205;100007;585.950000000;2;9523297267;B
20240205;100007;585.950000000;2;9523297272;B
20240205;100007;585.950000000;2;9523297278;B
20240205;100007;585.950000000;1;9523297281;B
20240205;100007;585.950000000;2;9523297285;B
20240205;100007;585.500000000;1;9523297291;S
20240205;100007;586.000000000;95;9523297295;B
20240205;100007;585.500000000;2;9523297301;S
20240205;100007;585.500000000;1;9523297302;S
20240205;100007;585.500000000;2;9523297304;S
20240205;100007;585.500000000;2;9523297306;S
20240205;100007;585.950000000;2;9523297307;B
20240205;100007;585.500000000;5;9523297308;S
20240205;100007;586.000000000;3;9523297310;B
20240205;100007;585.950000000;2;9523297312;B
20240205;100007;585.950000000;35;9523297313;B
20240205;100007;585.400000000;1;9523297314;S
20240205;100007;585.950000000;2;9523297315;B
20240205;100007;586.000000000;5;9523297316;B
20240205;100007;586.000000000;1;9523297317;B
20240205;100007;585.350000000;1;9523297318;S
20240205;100007;585.950000000;1;9523297319;B
20240205;100007;585.350000000;3;9523297320;S
20240205;100007;585.950000000;2;9523297322;B
20240205;100007;585.950000000;1;9523297323;B
20240205;100007;585.400000000;2;9523297324;S
20240205;100007;585.950000000;2;9523297325;B
20240205;100007;585.400000000;2;9523297327;S
20240205;100007;586.000000000;2;9523297329;B
20240205;100007;586.000000000;2;9523297330;B
20240205;100007;586.000000000;2;9523297331;B
20240205;100007;585.400000000;2;9523297332;S
20240205;100007;586.000000000;1;9523297334;B
20240205;100007;586.000000000;3;9523297336;B
20240205;100007;586.000000000;5;9523297338;B
20240205;100007;586.000000000;2;9523297340;B
20240205;100007;586.000000000;1;9523297343;B
20240205;100007;585.400000000;2;9523297344;S
20240205;100007;586.000000000;1;9523297345;B
20240205;100007;585.400000000;11;9523297346;S
20240205;100007;586.000000000;2;9523297349;B
20240205;100007;586.000000000;2;9523297365;B
20240205;100007;586.000000000;2;9523297374;B
20240205;100007;585.400000000;2;9523297376;S
20240205;100007;586.000000000;2;9523297380;B
20240205;100007;586.000000000;1;9523297382;B
20240205;100007;585.400000000;1;9523297383;S
20240205;100007;585.400000000;1;9523297384;S
20240205;100007;585.400000000;2;9523297385;S
20240205;100007;586.000000000;1;9523297389;B
20240205;100007;586.000000000;2;9523297392;B
20240205;100007;585.400000000;2;9523297394;S
20240205;100007;586.000000000;2;9523297397;B
20240205;100007;585.400000000;1;9523297399;S
20240205;100007;586.000000000;1;9523297401;B
20240205;100007;585.400000000;2;9523297402;S
20240205;100007;586.000000000;2;9523297404;B
20240205;100007;586.000000000;2;9523297406;B
20240205;100007;585.400000000;2;9523297412;S
20240205;100007;585.400000000;2;9523297413;S
20240205;100007;586.000000000;2;9523297414;B
20240205;100007;585.400000000;1;9523297415;S
20240205;100007;586.000000000;2;9523297417;B
20240205;100007;586.000000000;2;9523297419;B
20240205;100007;586.000000000;2;9523297421;B
20240205;100007;586.000000000;2;9523297423;B
20240205;100007;586.000000000;1;9523297424;B
20240205;100007;586.000000000;2;9523297426;B
20240205;100007;586.000000000;1;9523297428;B
20240205;100007;586.000000000;2;9523297429;B
20240205;100007;586.000000000;367;9523297430;B
20240205;100007;586.000000000;1;9523297433;B
20240205;100007;585.400000000;5;9523297434;S
20240205;100007;586.000000000;1;9523297435;B
20240205;100007;586.000000000;1;9523297438;B
20240205;100007;586.000000000;2;9523297440;B
20240205;100007;586.000000000;2;9523297443;B
20240205;100007;586.000000000;1;9523297445;B
20240205;100007;586.000000000;1;9523297446;B
20240205;100007;586.000000000;2;9523297448;B
20240205;100007;585.400000000;6;9523297450;S
20240205;100007;585.400000000;2;9523297451;S
20240205;100007;585.400000000;2;9523297452;S
20240205;100007;586.000000000;1;9523297453;B
20240205;100007;586.000000000;1;9523297456;B
20240205;100007;586.000000000;1;9523297457;B
20240205;100007;586.000000000;2;9523297458;B
20240205;100007;586.000000000;2;9523297460;B
20240205;100007;585.400000000;1;9523297462;S
20240205;100007;586.000000000;1;9523297463;B
20240205;100007;586.000000000;1;9523297499;B
20240205;100007;586.000000000;2;9523297502;B
20240205;100007;586.000000000;100;9523297535;B
20240205;100007;585.400000000;8;9523297541;S
20240205;100007;585.400000000;1;9523297631;S
20240205;100007;585.400000000;15;9523297657;S
20240205;100007;586.000000000;6;9523297701;B
20240205;100007;585.400000000;45;9523297770;S
20240205;100007;585.350000000;55;9523297771;S
20240205;100007;586.000000000;14;9523297831;B
20240205;100007;585.350000000;1;9523297860;S
20240205;100007;585.350000000;2;9523298011;S
20240205;100007;586.000000000;1;9523298432;B
20240205;100007;586.000000000;2;9523298442;B
20240205;100007;586.000000000;1;9523298467;B
20240205;100007;586.000000000;2;9523298469;B
20240205;100007;586.000000000;1;9523298507;B
20240205;100007;586.000000000;1;9523298514;B
20240205;100007;586.000000000;2;9523298516;B
20240205;100007;585.400000000;2;9523298517;S
20240205;100007;585.400000000;4;9523298518;S
20240205;100007;586.000000000;2;9523298519;B
20240205;100007;586.000000000;20;9523298520;B
20240205;100007;586.000000000;1;9523298521;B
20240205;100007;586.000000000;2;9523298523;B
20240205;100007;586.000000000;2;9523298524;B
20240205;100007;586.000000000;2;9523298525;B
20240205;100007;586.000000000;1;9523298526;B
20240205;100007;586.000000000;1;9523298527;B
20240205;100007;586.000000000;1;9523298528;B
20240205;100007;586.000000000;1;9523298529;B
20240205;100007;586.000000000;2;9523298530;B
20240205;100007;586.000000000;1;9523298532;B
20240205;100007;586.000000000;2;9523298534;B
20240205;100007;585.400000000;1;9523298535;S
20240205;100007;586.000000000;1;9523298536;B
20240205;100007;586.000000000;1;9523298537;B
20240205;100007;586.000000000;2;9523298538;B
20240205;100007;586.000000000;2;9523298539;B
20240205;100007;586.000000000;1;9523298541;B
20240205;100007;586.000000000;1;9523298542;B
20240205;100007;586.000000000;2;9523298543;B
20240205;100007;586.000000000;2;9523298545;B
20240205;100007;586.000000000;1;9523298546;B
20240205;100007;585.400000000;2;9523298547;S
20240205;100007;586.000000000;1;9523298548;B
20240205;100007;585.400000000;3;9523298549;S
20240205;100007;585.350000000;1;9523298550;S
20240205;100007;586.000000000;2;9523298553;B
20240205;100007;586.000000000;50;9523298554;B
20240205;100007;586.000000000;1;9523298556;B
20240205;100007;585.350000000;1;9523298557;S
20240205;100007;585.350000000;1;9523298561;S
20240205;100007;586.000000000;1;9523298562;B
20240205;100007;585.350000000;2;9523298563;S
20240205;100007;586.000000000;1;9523298565;B
20240205;100007;586.000000000;1;9523298566;B
20240205;100007;586.000000000;1;9523298567;B
20240205;100007;586.000000000;1;9523298568;B
20240205;100007;586.000000000;2;9523298570;B
20240205;100007;586.000000000;1;9523298571;B
20240205;100007;586.000000000;2;9523298574;B
20240205;100007;585.350000000;2;9523298575;S
20240205;100007;585.350000000;2;9523298577;S
20240205;100007;586.000000000;1;9523298578;B
20240205;100007;585.350000000;1;9523298581;S
20240205;100007;585.350000000;2;9523298582;S
20240205;100007;585.350000000;88;9523298584;S
20240205;100007;586.000000000;1;9523298587;B
20240205;100007;586.000000000;2;9523298588;B
20240205;100007;586.000000000;1;9523298589;B
20240205;100007;586.000000000;1;9523298590;B
20240205;100007;586.000000000;2;9523298591;B
20240205;100007;586.000000000;2;9523298592;B
20240205;100007;585.350000000;1;9523298594;S
20240205;100007;585.350000000;1;9523298596;S
20240205;100007;585.350000000;2;9523298598;S
20240205;100007;586.000000000;2;9523298599;B
20240205;100007;586.000000000;2;9523298600;B
20240205;100007;586.000000000;1;9523298601;B
20240205;100007;586.000000000;2;9523298602;B
20240205;100007;586.000000000;1;9523298605;B
20240205;100007;585.350000000;2;9523298606;S
20240205;100007;585.350000000;5;9523298823;S
20240205;100007;585.450000000;4;9523298954;B
20240205;100008;585.350000000;142;9523299168;S
20240205;100008;585.300000000;10;9523299169;S
20240205;100008;585.300000000;48;9523299170;S
20240205;100008;585.300000000;4;9523299270;S
20240205;100008;585.600000000;1;9523299586;B
20240205;100008;585.300000000;1;9523299590;S
20240205;100008;585.600000000;2;9523299591;B
20240205;100008;585.300000000;2;9523299595;S
20240205;100008;585.600000000;1;9523299596;B
20240205;100008;585.600000000;2;9523299597;B
20240205;100008;585.600000000;2;9523299598;B
20240205;100008;585.600000000;2;9523299599;B
20240205;100008;585.600000000;2;9523299601;B
20240205;100008;585.600000000;1;9523299602;B
20240205;100008;585.600000000;2;9523299607;B
20240205;100008;585.300000000;4;9523299609;S
20240205;100008;585.600000000;2;9523299610;B
20240205;100008;585.300000000;1;9523299612;S
20240205;100008;585.300000000;1;9523299614;S
20240205;100008;585.600000000;4;9523299616;B
20240205;100008;585.600000000;2;9523299618;B
20240205;100008;585.600000000;3;9523299619;B
20240205;100008;585.600000000;2;9523299621;B
20240205;100008;585.600000000;1;9523299622;B
20240205;100008;585.300000000;2;9523299623;S
20240205;100008;585.600000000;1;9523299644;B
20240205;100008;585.950000000;2;9523299645;B
20240205;100008;585.950000000;2;9523299646;B
20240205;100008;585.950000000;2;9523299647;B
20240205;100008;585.950000000;2;9523299648;B
20240205;100008;585.950000000;2;9523299649;B
20240205;100008;585.950000000;1;9523299650;B
20240205;100008;585.950000000;3;9523299654;B
20240205;100008;585.350000000;2;9523299655;S
20240205;100008;585.350000000;2;9523299656;S
20240205;100008;585.950000000;2;9523299657;B
20240205;100008;585.950000000;1;9523299658;B
20240205;100008;585.950000000;1;9523299659;B
20240205;100008;585.950000000;1;9523299660;B
20240205;100008;585.950000000;1;9523299661;B
20240205;100008;585.400000000;2;9523299665;S
20240205;100008;585.950000000;1;9523299666;B
20240205;100008;585.950000000;2;9523299667;B
20240205;100008;585.950000000;1;9523299668;B
20240205;100008;585.400000000;2;9523299669;S
20240205;100008;585.400000000;1;9523299670;S
20240205;100008;585.300000000;1;9523299671;S
20240205;100008;585.950000000;2;9523299672;B
20240205;100008;585.300000000;2;9523299675;S
20240205;100008;585.950000000;1;9523299677;B
20240205;100008;585.950000000;1;9523299678;B
20240205;100008;585.950000000;2;9523299679;B
20240205;100008;585.950000000;11;9523299680;B
20240205;100008;585.950000000;1;9523299681;B
20240205;100008;585.950000000;2;9523299683;B
20240205;100008;585.950000000;1;9523299685;B
20240205;100008;585.950000000;1;9523299687;B
20240205;100008;585.400000000;2;9523299688;S
20240205;100008;585.950000000;2;9523299689;B
20240205;100008;585.450000000;2;9523299737;S
20240205;100008;585.450000000;2;9523299750;S
20240205;100008;585.950000000;2;9523299753;B
20240205;100008;585.550000000;2;9523299769;S
20240205;100008;585.550000000;2;9523299772;S
20240205;100008;585.550000000;6;9523299786;S
20240205;100008;585.950000000;2;9523299788;B
20240205;100008;586.000000000;1;9523299797;B
20240205;100008;585.300000000;40;9523299818;S
20240205;100008;585.300000000;2;9523299825;S
20240205;100008;585.950000000;2;9523299832;B
20240205;100008;585.400000000;1;9523299839;S
20240205;100008;585.950000000;2;9523299843;B
20240205;100008;585.950000000;1;9523299848;B
20240205;100008;585.950000000;1;9523299851;B
20240205;100008;585.950000000;2;9523299867;B
20240205;100008;585.950000000;1;9523299873;B
20240205;100008;585.950000000;2;9523299883;B
20240205;100008;585.950000000;1;9523299889;B
20240205;100008;585.950000000;1;9523299895;B
20240205;100008;585.950000000;2;9523299905;B
20240205;100008;585.300000000;2;9523299924;S
20240205;100008;585.950000000;1;9523299927;B
20240205;100008;585.950000000;2;9523299938;B
20240205;100008;585.950000000;2;9523299942;B
20240205;100008;585.950000000;2;9523299952;B
20240205;100008;585.950000000;2;9523299959;B
20240205;100008;585.950000000;2;9523299965;B
20240205;100008;585.300000000;2;9523299967;S
20240205;100008;585.300000000;1;9523299970;S
20240205;100008;585.950000000;1;9523299978;B
20240205;100008;585.950000000;2;9523299980;B
20240205;100008;585.950000000;2;9523299982;B
20240205;100008;585.950000000;1;9523299984;B
20240205;100008;585.950000000;1;9523299986;B
20240205;100008;585.950000000;2;9523299992;B
20240205;100008;585.300000000;2;9523299993;S
20240205;100008;585.300000000;1;9523299997;S
20240205;100008;585.950000000;1;9523299998;B
20240205;100008;585.950000000;2;9523300001;B
20240205;100008;585.950000000;4;9523300009;B
20240205;100008;585.300000000;2;9523300014;S
20240205;100008;585.950000000;2;9523300016;B
20240205;100008;585.950000000;2;9523300021;B
20240205;100008;585.300000000;2;9523300028;S
20240205;100008;585.300000000;1;9523300029;S
20240205;100008;585.400000000;5;9523300091;S
20240205;100008;585.400000000;1;9523300220;S
20240205;100008;585.400000000;1;9523300240;S
20240205;100008;585.950000000;1;9523300346;B
20240205;100008;585.950000000;2;9523300348;B
20240205;100008;585.950000000;2;9523300350;B
20240205;100008;585.950000000;1;9523300439;B
20240205;100008;585.450000000;1;9523300441;S
20240205;100008;585.950000000;1;9523300444;B
20240205;100008;585.300000000;2;9523300448;S
20240205;100008;585.950000000;1;9523300449;B
20240205;100008;585.200000000;1;9523300453;S
20240205;100008;585.950000000;1;9523300457;B
20240205;100008;585.950000000;1;9523300465;B
20240205;100008;585.950000000;1;9523300471;B
20240205;100008;585.950000000;1;9523300475;B
20240205;100008;585.950000000;1;9523300482;B
20240205;100008;585.950000000;2;9523300491;B
20240205;100008;585.400000000;2;9523300496;S
20240205;100008;585.400000000;1;9523300510;S
20240205;100008;585.250000000;2;9523300514;S
20240205;100008;585.950000000;2;9523300523;B
20240205;100008;585.950000000;2;9523300530;B
20240205;100008;585.950000000;2;9523300536;B
20240205;100008;585.450000000;2;9523300540;S
20240205;100008;585.950000000;2;9523300544;B
20240205;100008;585.950000000;2;9523300549;B
20240205;100008;585.950000000;1;9523300554;B
20240205;100008;585.950000000;1;9523300561;B
20240205;100008;585.950000000;1;9523300565;B
20240205;100008;585.950000000;2;9523300571;B
20240205;100008;585.950000000;1;9523300582;B
20240205;100008;585.950000000;3;9523300594;B
20240205;100008;585.950000000;2;9523300600;B
20240205;100008;585.950000000;1;9523300604;B
20240205;100008;585.950000000;2;9523300613;B
20240205;100008;585.350000000;1;9523300618;S
20240205;100008;585.350000000;2;9523300623;S
20240205;100008;585.900000000;2;9523300634;B
20240205;100008;585.450000000;9;9523300638;S
20240205;100008;585.900000000;1;9523300644;B
20240205;100008;585.950000000;2;9523300645;B
20240205;100008;585.400000000;1;9523300649;S
20240205;100008;585.900000000;2;9523300656;B
20240205;100008;585.900000000;2;9523300662;B
20240205;100008;585.900000000;2;9523300667;B
20240205;100008;585.900000000;7;9523300670;B
20240205;100008;585.900000000;2;9523300692;B
20240205;100008;585.900000000;1;9523300695;B
20240205;100008;585.350000000;2;9523300697;S
20240205;100008;585.900000000;1;9523300699;B
20240205;100008;585.900000000;1;9523300702;B
20240205;100008;585.900000000;2;9523300704;B
20240205;100008;585.900000000;1;9523300705;B
20240205;100008;585.900000000;2;9523300707;B
20240205;100008;585.900000000;1;9523300709;B
20240205;100008;585.900000000;1;9523300712;B
20240205;100008;585.900000000;1;9523300715;B
20240205;100008;585.900000000;1;9523300717;B
20240205;100008;585.900000000;2;9523300721;B
20240205;100008;585.400000000;2;9523300726;S
20240205;100008;585.400000000;2;9523300728;S
20240205;100008;585.300000000;2;9523300729;S
20240205;100008;585.950000000;2;9523300731;B
20240205;100008;586.000000000;1;9523300733;B
20240205;100008;585.950000000;2;9523300735;B
20240205;100008;585.950000000;2;9523300736;B
20240205;100008;585.950000000;2;9523300739;B
20240205;100008;585.950000000;1;9523300741;B
20240205;100008;585.950000000;1;9523300744;B
20240205;100008;585.950000000;1;9523300746;B
20240205;100008;585.350000000;2;9523300750;S
20240205;100008;585.350000000;2;9523300753;S
20240205;100008;586.000000000;2;9523300757;B
20240205;100008;585.950000000;100;9523300759;B
20240205;100008;585.350000000;3;9523300760;S
20240205;100008;585.950000000;2;9523300763;B
20240205;100008;586.000000000;2;9523300764;B
20240205;100008;585.300000000;2;9523300767;S
20240205;100008;585.950000000;3;9523300770;B
20240205;100008;585.950000000;1;9523300772;B
20240205;100008;585.950000000;2;9523300776;B
20240205;100008;585.950000000;2;9523300778;B
20240205;100008;585.950000000;2;9523300780;B
20240205;100008;585.950000000;5;9523300783;B
20240205;100008;585.950000000;2;9523300786;B
20240205;100008;585.950000000;8;9523300788;B
20240205;100008;585.950000000;1;9523300790;B
20240205;100008;585.950000000;1;9523300803;B
20240205;100008;585.400000000;1;9523300804;S
20240205;100008;585.400000000;3;9523300806;S
20240205;100008;585.950000000;2;9523300809;B
20240205;100008;585.950000000;1;9523300812;B
20240205;100008;585.400000000;10;9523300815;S
20240205;100008;585.950000000;2;9523300817;B
20240205;100008;585.950000000;2;9523300819;B
20240205;100008;585.950000000;2;9523300821;B
20240205;100008;585.950000000;99;9523300822;B
20240205;100008;585.950000000;1;9523300824;B
20240205;100008;585.400000000;2;9523300825;S
20240205;100008;585.950000000;2;9523300828;B
20240205;100008;585.400000000;2;9523300830;S
20240205;100008;585.950000000;1;9523300831;B
20240205;100008;585.950000000;1;9523300837;B
20240205;100008;585.400000000;3;9523300843;S
20240205;100008;585.400000000;4;9523300865;S
20240205;100008;585.600000000;15;9523300982;B
20240205;100008;585.900000000;1;9523301012;S
20240205;100008;585.900000000;1;9523301209;S
20240205;100008;585.900000000;1;9523301211;S
20240205;100008;585.900000000;5;9523301281;S
20240205;100008;585.900000000;3;9523301282;S
20240205;100008;585.950000000;1;9523301287;B
20240205;100008;585.950000000;2;9523301294;B
20240205;100008;585.950000000;1;9523301295;B
20240205;100008;585.950000000;2;9523301298;B
20240205;100008;585.950000000;2;9523301304;B
20240205;100008;585.950000000;1;9523301306;B
20240205;100008;585.950000000;2;9523301309;B
20240205;100008;585.950000000;1;9523301313;B
20240205;100008;585.900000000;1;9523301323;S
20240205;100008;585.950000000;1;9523301327;B
20240205;100008;585.900000000;43;9523301329;S
20240205;100008;585.950000000;2;9523301334;B
20240205;100008;585.950000000;1;9523301339;B
20240205;100008;585.900000000;2;9523301342;S
20240205;100008;585.950000000;1;9523301345;B
20240205;100008;585.950000000;2;9523301349;B
20240205;100008;585.950000000;1;9523301353;B
20240205;100008;585.950000000;2;9523301355;B
20240205;100008;585.950000000;1;9523301362;B
20240205;100008;585.950000000;2;9523301368;B
20240205;100008;585.950000000;2;9523301372;B
20240205;100008;585.900000000;2;9523301376;S
20240205;100008;585.950000000;1;9523301379;B
20240205;100008;585.950000000;2;9523301384;B
20240205;100008;585.950000000;2;9523301385;B
20240205;100008;585.900000000;1;9523301390;S
20240205;100008;585.950000000;1;9523301393;B
20240205;100008;585.950000000;2;9523301397;B
20240205;100008;585.950000000;1;9523301399;B
20240205;100008;585.950000000;1;9523301402;B
20240205;100008;585.950000000;1;9523301407;B
20240205;100008;585.950000000;1;9523301408;B
20240205;100008;585.900000000;1;9523301418;S
20240205;100008;585.950000000;1;9523301424;B
20240205;100008;585.950000000;2;9523301425;B
20240205;100008;585.950000000;1;9523301427;B
20240205;100008;585.900000000;3;9523301432;S
20240205;100008;585.950000000;2;9523301437;B
20240205;100008;585.900000000;4;9523301438;S
20240205;100008;585.900000000;2;9523301445;S
20240205;100008;585.900000000;1;9523301451;S
20240205;100008;585.950000000;2;9523301452;B
20240205;100008;585.900000000;2;9523301483;S
20240205;100008;585.950000000;2;9523301533;B
20240205;100008;585.950000000;2;9523301534;B
20240205;100008;585.950000000;2;9523301535;B
20240205;100008;585.900000000;1;9523301536;S
20240205;100008;585.950000000;1;9523301537;B
20240205;100008;585.950000000;2;9523301542;B
20240205;100008;585.950000000;1;9523301543;B
20240205;100008;585.950000000;1;9523301551;B
20240205;100008;585.950000000;2;9523301552;B
20240205;100008;585.950000000;1;9523301553;B
20240205;100008;585.950000000;2;9523301554;B
20240205;100008;585.950000000;2;9523301555;B
20240205;100008;585.950000000;2;9523301560;B
20240205;100008;585.900000000;6;9523301561;S
20240205;100008;585.900000000;2;9523301562;S
20240205;100008;585.950000000;2;9523301563;B
20240205;100008;585.950000000;2;9523301564;B
20240205;100008;585.950000000;5;9523301565;B
20240205;100008;585.900000000;2;9523301567;S
20240205;100008;585.900000000;300;9523301572;S
20240205;100008;585.950000000;2;9523301573;B
20240205;100008;585.950000000;2;9523301574;B
20240205;100008;585.950000000;1;9523301575;B
20240205;100008;585.900000000;1;9523301576;S
20240205;100008;585.400000000;1;9523301577;S
20240205;100008;585.950000000;2;9523301578;B
20240205;100008;585.950000000;2;9523301583;B
20240205;100008;585.950000000;1;9523301584;B
20240205;100008;585.400000000;3;9523301589;S
20240205;100008;585.950000000;1;9523301590;B
20240205;100008;585.950000000;2;9523301591;B
20240205;100008;585.950000000;1;9523301592;B
20240205;100008;585.400000000;1;9523301593;S
20240205;100008;585.400000000;1;9523301594;S
20240205;100008;585.950000000;1;9523301595;B
20240205;100008;585.950000000;2;9523301600;B
20240205;100008;585.950000000;2;9523301601;B
20240205;100008;585.950000000;1;9523301602;B
20240205;100008;585.950000000;1;9523301605;B
20240205;100008;585.950000000;2;9523301606;B
20240205;100008;585.400000000;2;9523301607;S
20240205;100008;585.400000000;20;9523301610;S
20240205;100008;585.950000000;1;9523301611;B
20240205;100008;585.400000000;1;9523301613;S
20240205;100008;585.950000000;2;9523301614;B
20240205;100008;585.950000000;4;9523301616;B
20240205;100008;585.950000000;2;9523301617;B
20240205;100008;585.400000000;1;9523301618;S
20240205;100008;585.950000000;2;9523301620;B
20240205;100008;585.950000000;1;9523301622;B
20240205;100008;585.950000000;1;9523301623;B
20240205;100008;585.400000000;3;9523301625;S
20240205;100008;585.400000000;2;9523301628;S
20240205;100008;585.400000000;2;9523301629;S
20240205;100009;585.450000000;2;9523301884;S
20240205;100009;585.400000000;4;9523301885;S
20240205;100009;585.400000000;8;9523301891;S
20240205;100009;585.950000000;570;9523301951;B
20240205;100009;585.950000000;8;9523301952;B
20240205;100009;586.000000000;1128;9523301953;B
20240205;100009;585.500000000;2;9523301955;S
20240205;100009;585.500000000;1;9523301960;S
20240205;100009;586.000000000;1;9523302014;B
20240205;100009;585.550000000;15;9523302205;S
20240205;100009;585.950000000;4;9523302225;B
20240205;100009;585.500000000;2;9523302234;S
20240205;100009;585.950000000;1;9523302495;B
20240205;100009;586.000000000;1;9523302496;B
20240205;100009;585.500000000;2;9523302497;S
20240205;100009;586.000000000;2;9523302498;B
20240205;100009;586.000000000;2;9523302499;B
20240205;100009;586.000000000;1;9523302500;B
20240205;100009;585.500000000;20;9523302501;S
20240205;100009;585.500000000;2;9523302502;S
20240205;100009;585.500000000;2;9523302503;S
20240205;100009;586.000000000;1;9523302504;B
20240205;100009;586.000000000;1;9523302505;B
20240205;100009;585.500000000;2;9523302506;S
20240205;100009;585.500000000;1;9523302507;S
20240205;100009;585.500000000;2;9523302508;S
20240205;100009;585.500000000;1;9523302509;S
20240205;100009;586.000000000;2;9523302510;B
20240205;100009;586.000000000;2;9523302511;B
20240205;100009;586.000000000;2;9523302512;B
20240205;100009;586.000000000;2;9523302513;B
20240205;100009;586.000000000;1;9523302514;B
20240205;100009;585.500000000;5;9523302515;S
20240205;100009;586.000000000;2;9523302516;B
20240205;100009;586.000000000;1;9523302517;B
20240205;100009;585.500000000;2;9523302519;S
20240205;100009;585.500000000;2;9523302520;S
20240205;100009;586.000000000;2;9523302521;B
20240205;100009;586.000000000;1;9523302522;B
20240205;100009;586.000000000;2;9523302523;B
20240205;100009;586.000000000;1;9523302526;B
20240205;100009;586.000000000;2;9523302527;B
20240205;100009;586.000000000;1;9523302528;B
20240205;100009;586.000000000;1;9523302529;B
20240205;100009;586.000000000;2;9523302530;B
20240205;100009;585.500000000;1;9523302531;S
20240205;100009;586.000000000;1;9523302532;B
20240205;100009;586.000000000;2;9523302533;B
20240205;100009;585.500000000;2;9523302534;S
20240205;100009;586.000000000;2;9523302535;B
20240205;100009;586.000000000;1;9523302536;B
20240205;100009;586.000000000;1;9523302538;B
20240205;100009;586.000000000;2;9523302539;B
20240205;100009;585.500000000;4;9523302541;S
20240205;100009;586.000000000;1;9523302542;B
20240205;100009;586.000000000;2;9523302543;B
20240205;100009;585.950000000;1;9523302544;B
20240205;100009;585.500000000;1;9523302545;S
20240205;100009;585.500000000;2;9523302546;S
20240205;100009;585.950000000;1;9523302547;B
20240205;100009;585.950000000;2;9523302548;B
20240205;100009;585.500000000;1;9523302549;S
20240205;100009;585.950000000;2;9523302550;B
20240205;100009;585.950000000;1;9523302551;B
20240205;100009;585.950000000;2;9523302552;B
20240205;100009;585.950000000;2;9523302553;B
20240205;100009;585.950000000;2;9523302554;B
20240205;100009;585.950000000;2;9523302556;B
20240205;100009;585.550000000;2;9523302557;S
20240205;100009;585.950000000;1;9523302558;B
20240205;100009;585.500000000;2;9523302559;S
20240205;100009;585.950000000;4;9523302617;B
20240205;100009;585.550000000;71;9523302677;S
20240205;100009;585.950000000;10;9523302687;B
20240205;100009;585.550000000;1;9523302818;S
20240205;100009;585.550000000;1;9523302819;S
20240205;100009;585.950000000;100;9523302954;B
20240205;100009;585.950000000;18;9523302989;B
20240205;100009;586.000000000;751;9523302990;B
20240205;100010;585.550000000;20;9523303052;S
20240205;100010;585.500000000;90;9523303076;S
20240205;100010;585.950000000;20;9523303153;B
20240205;100010;586.000000000;12;9523303154;B
20240205;100010;585.550000000;10;9523303155;S
20240205;100010;585.600000000;50;9523303483;S
20240205;100010;585.500000000;150;9523303484;S
20240205;100010;585.900000000;4;9523303507;B
20240205;100010;585.900000000;1;9523303614;B
20240205;100010;585.950000000;200;9523303961;B
20240205;100010;585.950000000;384;9523303993;B
20240205;100010;585.950000000;266;9523304112;B
20240205;100010;585.950000000;22;9523304113;B
20240205;100010;586.000000000;1424;9523304114;B
20240205;100011;586.000000000;444;9523304126;B
20240205;100011;585.900000000;105;9523304129;S
20240205;100011;585.600000000;598;9523304272;B
20240205;100011;585.600000000;1;9523304341;B
20240205;100011;585.600000000;1709;9523304342;B
20240205;100011;585.600000000;800;9523304367;B
20240205;100011;585.600000000;200;9523304466;B
20240205;100011;585.550000000;79;9523304509;S
20240205;100011;585.500000000;1;9523304510;S
20240205;100011;585.600000000;1000;9523304518;B
20240205;100011;585.600000000;3;9523304558;B
20240205;100011;585.600000000;584;9523304583;B
20240205;100011;585.900000000;50;9523304584;B
20240205;100011;585.950000000;10;9523304585;B
20240205;100011;586.000000000;638;9523304586;B
20240205;100011;586.000000000;487;9523304593;B
20240205;100011;586.000000000;4;9523304595;B
20240205;100011;586.000000000;800;9523304644;B
20240205;100011;585.500000000;127;9523304673;S
20240205;100011;585.350000000;23;9523304674;S
20240205;100011;586.000000000;1453;9523304771;B
20240205;100012;585.350000000;30;9523304860;S
20240205;100012;585.350000000;8;9523304887;S
20240205;100012;585.400000000;20;9523304954;B
20240205;100012;585.950000000;2;9523305020;S
20240205;100012;586.000000000;36;9523305033;B
20240205;100012;586.000000000;200;9523305170;B
20240205;100012;585.950000000;1;9523305193;S
20240205;100012;585.950000000;23;9523305239;S
20240205;100012;585.950000000;100;9523305240;S
20240205;100012;585.600000000;71;9523305241;S
20240205;100012;585.500000000;1;9523305479;B
20240205;100012;585.250000000;2;9523305537;S
20240205;100013;585.900000000;1;9523305595;B
20240205;100013;585.900000000;14;9523305596;B
20240205;100013;585.500000000;5;9523305725;S
20240205;100013;585.900000000;1;9523305781;B
20240205;100015;585.850000000;20;9523307279;S
20240205;100016;585.900000000;5;9523307774;B
20240205;100016;585.900000000;5;9523307775;B
20240205;100016;585.950000000;10;9523307776;B
20240205;100016;585.950000000;1;9523307777;B
20240205;100016;585.950000000;1;9523307778;B
20240205;100016;585.850000000;2;9523307815;S
20240205;100016;585.900000000;1;9523308066;S
20240205;100016;585.950000000;10;9523308085;B
20240205;100016;585.900000000;5;9523308088;S
20240205;100016;585.950000000;1;9523308332;B
20240205;100017;585.950000000;58;9523308641;B
20240205;100017;585.950000000;9;9523308642;B
20240205;100017;586.000000000;133;9523308643;B
20240205;100018;585.950000000;3;9523309222;B
20240205;100018;585.950000000;170;9523309326;B
20240205;100020;586.000000000;2;9523310848;B
20240205;100020;586.000000000;375;9523310930;B
20240205;100021;586.000000000;777;9523311051;B
20240205;100021;585.900000000;35;9523311535;S
20240205;100021;586.000000000;20;9523311601;B
20240205;100022;586.000000000;64;9523311703;B
20240205;100022;585.900000000;42;9523312011;S
20240205;100022;585.600000000;58;9523312012;S
20240205;100023;585.900000000;1;9523312450;B
20240205;100023;586.000000000;24;9523312451;B
20240205;100023;585.950000000;4;9523312707;S
20240205;100023;586.000000000;35;9523312719;B
20240205;100024;586.000000000;1;9523312863;B
20240205;100024;585.950000000;46;9523313188;S
20240205;100024;585.950000000;3;9523313290;B
20240205;100024;586.000000000;497;9523313291;B
20240205;100024;586.000000000;2;9523313295;B
20240205;100024;586.000000000;1;9523313305;B
20240205;100025;586.000000000;5;9523313651;B
20240205;100025;585.600000000;275;9523313667;S
20240205;100025;585.900000000;160;9523313833;S
20240205;100025;586.000000000;1;9523313855;B
20240205;100026;586.000000000;31;9523313907;B
20240205;100026;586.000000000;24;9523313910;B
20240205;100026;585.950000000;5;9523314112;B
20240205;100026;586.000000000;195;9523314113;B
20240205;100026;586.000000000;400;9523314167;B
20240205;100026;586.000000000;2;9523314182;B
20240205;100026;586.000000000;1;9523314246;B
20240205;100026;585.900000000;50;9523314264;S
20240205;100027;585.950000000;50;9523314364;S
20240205;100027;586.000000000;9;9523314428;B
20240205;100027;586.000000000;170;9523314528;B
20240205;100027;586.000000000;90;9523314704;B
20240205;100028;585.950000000;4;9523314874;S
20240205;100028;586.000000000;1;9523315123;B
20240205;100028;586.000000000;20;9523315267;B
20240205;100029;586.000000000;1;9523315570;B
20240205;100029;585.950000000;50;9523315822;S
20240205;100029;585.900000000;5;9523315823;S
20240205;100029;585.600000000;8;9523315824;S
20240205;100029;585.550000000;16;9523315825;S
20240205;100029;586.000000000;1;9523316001;B
20240205;100030;586.000000000;440;9523316376;B
20240205;100030;585.900000000;50;9523316385;S
20240205;100030;585.950000000;1;9523316584;S
20240205;100031;586.000000000;185;9523316651;B
20240205;100031;585.950000000;99;9523316747;S
20240205;100031;585.950000000;239;9523316748;S
20240205;100031;585.950000000;1;9523316749;S
20240205;100031;585.600000000;661;9523316750;S
20240205;100031;586.000000000;15;9523316751;B
20240205;100031;586.000000000;5;9523317181;B
20240205;100032;586.000000000;50;9523317558;B
20240205;100032;586.000000000;176;9523317650;B
20240205;100033;586.000000000;4;9523317931;B
20240205;100033;586.000000000;1;9523318072;B
20240205;100033;585.950000000;26;9523318091;S
20240205;100033;585.600000000;44;9523318092;S
20240205;100033;585.950000000;2;9523318149;B
20240205;100033;585.950000000;48;9523318150;B
20240205;100033;585.950000000;2;9523318182;B
20240205;100034;585.950000000;33;9523318225;B
20240205;100034;586.000000000;1;9523318406;B
20240205;100034;586.000000000;500;9523318490;B
20240205;100034;586.000000000;1;9523318537;B
20240205;100034;585.900000000;27;9523318540;S
20240205;100035;585.900000000;1;9523318785;B
20240205;100036;585.900000000;8;9523319113;B
20240205;100036;585.900000000;1;9523319274;B
20240205;100036;585.850000000;303;9523319285;S
