<DATE>;<TIME>;<LAST>;<VOL>;<ID>;<OPER>
20240222;095940;564.450000000;1;9691717407;S
20240222;095940;564.450000000;4;9691717408;S
20240222;095940;564.450000000;3;9691717409;S
20240222;095940;564.450000000;10;9691717410;S
20240222;095940;564.450000000;7;9691717411;S
20240222;095940;564.450000000;1;9691717412;S
20240222;095940;564.450000000;2;9691717413;S
20240222;095940;564.450000000;2;9691717414;S
20240222;095940;564.450000000;1;9691717415;S
20240222;095940;564.450000000;1;9691717416;S
20240222;095940;564.450000000;1;9691717417;S
20240222;095940;564.450000000;6;9691717418;S
20240222;095940;564.450000000;4;9691717419;S
20240222;095940;564.450000000;1;9691717420;S
20240222;095940;564.450000000;1;9691717421;S
20240222;095940;564.450000000;5;9691717422;S
20240222;095940;564.450000000;3;9691717423;S
20240222;095940;564.450000000;59;9691717424;S
20240222;095940;564.450000000;16;9691717425;S
20240222;095940;564.450000000;100;9691717426;S
20240222;095940;564.450000000;5;9691717427;S
20240222;095940;564.450000000;10;9691717428;B
20240222;095940;564.450000000;3;9691717429;S
20240222;095940;564.450000000;7;9691717430;B
20240222;095940;564.450000000;3;9691717431;B
20240222;095940;564.450000000;2;9691717432;B
20240222;095940;564.450000000;10;9691717433;B
20240222;095940;564.450000000;1;9691717434;B
20240222;095940;564.450000000;75;9691717435;B
20240222;095940;564.450000000;3;9691717436;B
20240222;095940;564.450000000;100;9691717437;B
20240222;095940;564.450000000;75;9691717438;B
20240222;095940;564.450000000;20;9691717439;B
20240222;095940;564.450000000;30;9691717440;B
20240222;095940;564.450000000;217;9691717441;B
20240222;095940;564.450000000;14;9691717442;B
20240222;095940;564.450000000;2;9691717443;B
20240222;095940;564.450000000;500;9691717444;B
20240222;095940;564.450000000;8;9691717445;B
20240222;095940;564.450000000;6;9691717446;B
20240222;095940;564.450000000;5;9691717447;B
20240222;095940;564.450000000;622;9691717448;B
20240222;095940;564.450000000;1;9691717449;S
20240222;095940;564.450000000;3;9691717450;B
20240222;095940;564.450000000;2;9691717451;B
20240222;095940;564.450000000;2;9691717452;B
20240222;095940;564.450000000;2;9691717453;B
20240222;095940;564.450000000;2;9691717454;B
20240222;095940;564.450000000;2;9691717455;B
20240222;095940;564.450000000;1;9691717456;B
20240222;095940;564.450000000;2;9691717457;B
20240222;095940;564.450000000;10;9691717458;B
20240222;095940;564.450000000;2;9691717459;B
20240222;095940;564.450000000;2;9691717460;B
20240222;095940;564.450000000;3;9691717461;B
20240222;095940;564.450000000;1;9691717462;B
20240222;095940;564.450000000;2;9691717463;B
20240222;095940;564.450000000;19;9691717464;B
20240222;095940;564.450000000;17;9691717465;B
20240222;095940;564.450000000;2;9691717466;B
20240222;095940;564.450000000;10;9691717467;B
20240222;095940;564.450000000;1;9691717468;B
20240222;095940;564.450000000;12;9691717469;B
20240222;095940;564.450000000;11;9691717470;B
20240222;095940;564.450000000;1;9691717471;B
20240222;095940;564.450000000;11;9691717472;B
20240222;095940;564.450000000;3;9691717473;B
20240222;095940;564.450000000;54;9691717474;B
20240222;095940;564.450000000;3;9691717475;B
20240222;095940;564.450000000;4;9691717476;B
20240222;095940;564.450000000;93;9691717477;B
20240222;095940;564.450000000;1;9691717478;B
20240222;095940;564.450000000;1;9691717479;B
20240222;095940;564.450000000;2;9691717480;B
20240222;095940;564.450000000;1;9691717481;B
20240222;095940;564.450000000;11;9691717482;B
20240222;095940;564.450000000;2;9691717483;B
20240222;095940;564.450000000;30;9691717484;B
20240222;095940;564.450000000;2;9691717485;S
20240222;095940;564.450000000;3;9691717486;B
20240222;095940;564.450000000;10;9691717487;B
20240222;095940;564.450000000;1;9691717488;B
20240222;095940;564.450000000;1;9691717489;B
20240222;095940;564.450000000;1;9691717490;S
20240222;095940;564.450000000;13;9691717491;B
20240222;095940;564.450000000;1;9691717492;S
20240222;095940;564.450000000;1;9691717493;S
20240222;095940;564.450000000;1;9691717494;S
20240222;095940;564.450000000;1;9691717495;S
20240222;095940;564.450000000;1;9691717496;S
20240222;095940;564.450000000;1;9691717497;S
20240222;095940;564.450000000;1;9691717498;S
20240222;095940;564.450000000;1;9691717499;S
20240222;095940;564.450000000;5;9691717500;B
20240222;095940;564.450000000;1;9691717501;S
20240222;095940;564.450000000;1;9691717502;S
20240222;095940;564.450000000;1;9691717503;S
20240222;095940;564.450000000;1;9691717504;S
20240222;095940;564.450000000;1;9691717505;B
20240222;095940;564.450000000;1;9691717506;S
20240222;095940;564.450000000;1;9691717507;S
20240222;095940;564.450000000;1;9691717508;S
20240222;095940;564.450000000;1;9691717509;S
20240222;095940;564.450000000;1;9691717510;S
20240222;095940;564.450000000;1;9691717511;S
20240222;095940;564.450000000;1;9691717512;S
20240222;095940;564.450000000;1;9691717513;B
20240222;095940;564.450000000;3;9691717514;B
20240222;095940;564.450000000;1;9691717515;B
20240222;095940;564.450000000;3;9691717516;B
20240222;095940;564.450000000;3;9691717517;B
20240222;095940;564.450000000;1;9691717518;B
20240222;095940;564.450000000;2;9691717519;B
20240222;095940;564.450000000;4;9691717520;B
20240222;095940;564.450000000;3;9691717521;B
20240222;095940;564.450000000;3;9691717522;B
20240222;095940;564.450000000;3;9691717523;B
20240222;095940;564.450000000;2;9691717524;B
20240222;095940;564.450000000;4;9691717525;B
20240222;095940;564.450000000;3;9691717526;B
20240222;095940;564.450000000;7;9691717527;B
20240222;095940;564.450000000;1;9691717528;B
20240222;095940;564.450000000;1;9691717529;B
20240222;095940;564.450000000;1;9691717530;B
20240222;095940;564.450000000;1;9691717531;B
20240222;095940;564.450000000;1;9691717532;B
20240222;095940;564.450000000;155;9691717533;B
20240222;095940;564.450000000;1;9691717534;B
20240222;095940;564.450000000;2;9691717535;B
20240222;095940;564.450000000;42;9691717536;B
20240222;095940;564.450000000;1;9691717537;B
20240222;095940;564.450000000;1;9691717538;B
20240222;095940;564.450000000;5;9691717539;B
20240222;095940;564.450000000;1;9691717540;B
20240222;095940;564.450000000;1;9691717541;B
20240222;095940;564.450000000;1;9691717542;B
20240222;095940;564.450000000;1;9691717543;B
20240222;095940;564.450000000;1;9691717544;B
20240222;095940;564.450000000;1;9691717545;B
20240222;095940;564.450000000;1;9691717546;B
20240222;095940;564.450000000;5;9691717547;B
20240222;095940;564.450000000;630;9691717548;S
20240222;095940;564.450000000;2;9691717549;S
20240222;095940;564.450000000;5;9691717550;S
20240222;095940;564.450000000;3;9691717551;S
20240222;095940;564.450000000;4;9691717552;S
20240222;095940;564.450000000;1;9691717553;S
20240222;095940;564.450000000;370;9691717554;S
20240222;095940;564.450000000;1;9691717555;S
20240222;095940;564.450000000;4;9691717556;S
20240222;095940;564.450000000;20;9691717557;S
20240222;095940;564.450000000;2;9691717558;S
20240222;095940;564.450000000;10;9691717559;S
20240222;095940;564.450000000;100;9691717560;S
20240222;095940;564.450000000;1;9691717561;S
20240222;095940;564.450000000;1;9691717562;S
20240222;095940;564.450000000;1;9691717563;S
20240222;095940;564.450000000;1;9691717564;S
20240222;095940;564.450000000;1;9691717565;S
20240222;095940;564.450000000;8;9691717566;S
20240222;100000;564.400000000;200;9691722020;B
20240222;100000;564.400000000;100;9691722036;B
20240222;100000;564.400000000;100;9691722062;B
20240222;100000;564.400000000;43;9691722079;B
20240222;100000;564.400000000;142;9691722080;B
20240222;100000;564.400000000;15;9691722136;S
20240222;100000;564.400000000;55;9691722137;S
20240222;100000;564.400000000;45;9691722235;S
20240222;100000;564.400000000;100;9691722236;S
20240222;100000;564.250000000;111;9691722237;S
20240222;100000;564.250000000;200;9691722238;S
20240222;100000;564.150000000;4;9691722239;S
20240222;100000;564.150000000;2;9691722240;S
20240222;100000;564.150000000;2;9691722241;S
20240222;100000;564.150000000;2;9691722242;S
20240222;100000;564.150000000;1;9691722243;S
20240222;100000;564.150000000;1;9691722244;S
20240222;100000;564.150000000;1;9691722245;S
20240222;100000;564.150000000;2;9691722246;S
20240222;100000;564.050000000;3;9691722260;B
20240222;100000;564.050000000;2;9691722261;B
20240222;100000;564.050000000;200;9691722274;B
20240222;100000;564.050000000;49;9691722282;B
20240222;100000;564.050000000;20;9691722283;B
20240222;100000;564.050000000;100;9691722288;B
20240222;100000;564.050000000;100;9691722301;B
20240222;100000;564.050000000;50;9691722309;B
20240222;100000;564.050000000;100;9691722357;B
20240222;100000;564.050000000;1;9691722371;B
20240222;100000;564.050000000;200;9691722381;B
20240222;100000;564.050000000;200;9691722399;B
20240222;100000;564.050000000;100;9691722421;B
20240222;100000;564.050000000;100;9691722422;B
20240222;100000;564.050000000;100;9691722430;B
20240222;100000;564.050000000;100;9691722453;B
20240222;100000;564.050000000;200;9691722474;B
20240222;100000;564.050000000;190;9691722547;B
20240222;100000;564.050000000;417;9691722550;B
20240222;100000;564.050000000;100;9691722583;B
20240222;100000;564.050000000;100;9691722594;B
20240222;100000;564.050000000;100;9691722603;B
20240222;100000;564.050000000;417;9691722607;B
20240222;100000;564.050000000;417;9691722632;B
20240222;100000;564.050000000;19;9691722660;B
20240222;100000;564.050000000;380;9691722701;B
20240222;100000;564.050000000;100;9691722737;B
20240222;100000;564.050000000;52;9691722740;B
20240222;100000;564.050000000;3;9691722750;B
20240222;100000;564.050000000;1;9691722751;B
20240222;100000;564.050000000;2;9691722752;B
20240222;100000;564.050000000;1;9691722778;B
20240222;100000;564.050000000;150;9691722855;B
20240222;100001;564.050000000;500;9691722905;B
20240222;100001;564.050000000;100;9691722921;B
20240222;100001;564.050000000;100;9691722980;B
20240222;100001;564.050000000;417;9691723111;B
20240222;100001;564.050000000;417;9691723117;B
20240222;100001;564.050000000;280;9691723121;B
20240222;100001;564.000000000;100;9691723300;S
20240222;100001;564.050000000;141;9691723304;B
20240222;100001;564.000000000;50;9691723311;S
20240222;100001;564.000000000;3;9691723312;S
20240222;100001;564.000000000;2;9691723313;S
20240222;100001;564.000000000;20;9691723314;S
20240222;100001;564.000000000;1;9691723315;S
20240222;100001;564.000000000;124;9691723556;B
20240222;100001;564.000000000;200;9691723557;B
20240222;100001;564.000000000;100;9691723558;B
20240222;100001;564.000000000;200;9691723559;B
20240222;100001;564.400000000;1;9691723715;B
20240222;100001;564.400000000;140;9691723878;B
20240222;100001;564.400000000;393;9691723879;B
20240222;100002;564.350000000;2;9691724418;B
20240222;100002;564.350000000;139;9691724776;B
20240222;100002;564.400000000;141;9691724777;B
20240222;100002;564.400000000;48;9691724778;B
20240222;100002;564.400000000;500;9691724779;B
20240222;100002;564.450000000;972;9691724780;B
20240222;100002;564.300000000;2;9691724933;S
20240222;100002;564.450000000;20;9691725005;B
20240222;100002;564.300000000;1;9691725080;S
20240222;100002;564.400000000;141;9691725114;B
20240222;100002;564.450000000;2081;9691725115;B
20240222;100002;564.300000000;97;9691725120;S
20240222;100003;564.200000000;27;9691725406;S
20240222;100003;564.200000000;100;9691725407;B
20240222;100003;563.950000000;4;9691725420;S
20240222;100003;563.950000000;19;9691725421;S
20240222;100003;564.000000000;100;9691725423;S
20240222;100003;564.000000000;200;9691725426;S
20240222;100003;564.400000000;26;9691725550;B
20240222;100004;564.400000000;20;9691726046;B
20240222;100005;564.300000000;200;9691726798;B
20240222;100005;564.300000000;161;9691726802;S
20240222;100005;564.400000000;100;9691726803;B
20240222;100005;564.400000000;100;9691726804;B
20240222;100005;564.400000000;14;9691726805;B
20240222;100005;564.300000000;100;9691726807;B
20240222;100005;564.300000000;100;9691726809;B
20240222;100005;564.300000000;100;9691726811;B
20240222;100005;564.050000000;1;9691726957;B
20240222;100005;564.050000000;2;9691726958;B
20240222;100005;564.050000000;1;9691726959;B
20240222;100005;564.000000000;2;9691726960;S
20240222;100005;564.050000000;2;9691726968;B
20240222;100005;564.300000000;1;9691726971;B
20240222;100005;564.000000000;2;9691726973;S
20240222;100005;563.950000000;100;9691726974;S
20240222;100005;563.850000000;83;9691726975;S
20240222;100006;563.950000000;200;9691727167;S
20240222;100006;563.850000000;58;9691727168;S
20240222;100006;563.850000000;673;9691727169;S
20240222;100006;563.800000000;50;9691727170;S
20240222;100006;563.800000000;141;9691727171;S
20240222;100006;563.750000000;141;9691727172;S
20240222;100006;563.700000000;737;9691727173;S
20240222;100006;563.700000000;200;9691727178;S
20240222;100006;564.200000000;1;9691727319;B
20240222;100006;563.750000000;1;9691727363;S
20240222;100006;563.700000000;15;9691727364;S
20240222;100006;564.100000000;1;9691727410;B
20240222;100006;564.100000000;2;9691727411;B
20240222;100006;564.100000000;2;9691727412;B
20240222;100006;564.100000000;1;9691727413;B
20240222;100006;564.100000000;1;9691727415;B
20240222;100006;564.100000000;1;9691727416;B
20240222;100006;563.700000000;1;9691727417;S
20240222;100006;564.100000000;1;9691727418;B
20240222;100006;564.100000000;1;9691727419;B
20240222;100006;564.100000000;1;9691727420;B
20240222;100006;564.100000000;1;9691727421;B
20240222;100006;564.100000000;1;9691727422;B
20240222;100006;564.100000000;2;9691727423;B
20240222;100006;564.100000000;2;9691727613;B
20240222;100006;564.100000000;1;9691727614;B
20240222;100006;564.100000000;1;9691727616;B
20240222;100006;564.100000000;1;9691727630;B
20240222;100006;564.100000000;2;9691727632;B
20240222;100006;564.100000000;1;9691727646;B
20240222;100006;564.100000000;10;9691727648;B
20240222;100006;564.100000000;4;9691727745;B
20240222;100006;563.700000000;2;9691727748;S
20240222;100006;564.100000000;2;9691727754;B
20240222;100006;564.100000000;1;9691727757;B
20240222;100006;564.100000000;1;9691727760;B
20240222;100006;564.100000000;2;9691727768;B
20240222;100006;563.700000000;2;9691727771;S
20240222;100006;564.100000000;2;9691727773;B
20240222;100006;564.100000000;1;9691727850;B
20240222;100006;564.100000000;1;9691727851;B
20240222;100006;564.100000000;2;9691727852;B
20240222;100006;564.100000000;2;9691727854;B
20240222;100006;564.100000000;483;9691727855;B
20240222;100006;564.150000000;141;9691727856;B
20240222;100006;564.200000000;141;9691727857;B
20240222;100006;564.250000000;141;9691727858;B
20240222;100006;564.300000000;94;9691727859;B
20240222;100006;564.400000000;3;9691727933;B
20240222;100006;564.400000000;1;9691727937;B
20240222;100006;563.950000000;5;9691727938;S
20240222;100006;564.400000000;1;9691727939;B
20240222;100006;563.950000000;2;9691727940;S
20240222;100006;563.950000000;2;9691727941;S
20240222;100006;564.400000000;2;9691727942;B
20240222;100007;564.100000000;100;9691727978;S
20240222;100007;564.050000000;2;9691728114;S
20240222;100007;564.400000000;1;9691728115;B
20240222;100007;564.400000000;1;9691728116;B
20240222;100007;564.400000000;1;9691728117;B
20240222;100007;564.050000000;4;9691728118;S
20240222;100007;564.400000000;2;9691728119;B
20240222;100007;564.050000000;1;9691728120;S
20240222;100007;564.400000000;2;9691728121;B
20240222;100007;564.050000000;8;9691728122;S
20240222;100007;564.400000000;520;9691728123;B
20240222;100007;564.400000000;480;9691728124;B
20240222;100007;564.350000000;2;9691728470;B
20240222;100007;564.150000000;1;9691728471;S
20240222;100007;564.350000000;5;9691728472;B
20240222;100007;564.350000000;1;9691728473;B
20240222;100007;564.350000000;2;9691728474;B
20240222;100007;564.350000000;2;9691728475;B
20240222;100007;564.350000000;2;9691728476;B
20240222;100007;564.350000000;1;9691728477;B
20240222;100007;564.350000000;1;9691728569;B
20240222;100007;564.350000000;1;9691728571;B
20240222;100007;564.350000000;1;9691728572;B
20240222;100007;564.350000000;1;9691728573;B
20240222;100007;564.150000000;1;9691728574;S
20240222;100007;564.150000000;2;9691728575;S
20240222;100007;564.350000000;1;9691728576;B
20240222;100007;564.350000000;2;9691728578;B
20240222;100007;563.750000000;1;9691728579;S
20240222;100007;564.350000000;1;9691728580;B
20240222;100007;564.350000000;1;9691728581;B
20240222;100007;564.150000000;1;9691728582;S
20240222;100007;564.150000000;3;9691728654;S
20240222;100008;564.350000000;3;9691728725;B
20240222;100008;564.100000000;1;9691728867;S
20240222;100008;564.100000000;4;9691728868;S
20240222;100008;564.350000000;1;9691728869;B
20240222;100008;563.700000000;3;9691728870;S
20240222;100008;564.350000000;2;9691728871;B
20240222;100008;564.350000000;2;9691728930;B
20240222;100008;564.350000000;1;9691728931;B
20240222;100008;564.350000000;1;9691729017;B
20240222;100008;564.100000000;2;9691729018;S
20240222;100008;563.800000000;2;9691729019;S
20240222;100008;564.100000000;2;9691729020;S
20240222;100008;564.350000000;2;9691729040;B
20240222;100008;564.100000000;2;9691729042;S
20240222;100008;564.350000000;2;9691729049;B
20240222;100008;564.100000000;200;9691729115;S
20240222;100008;564.050000000;141;9691729116;S
20240222;100008;564.000000000;141;9691729117;S
20240222;100008;563.950000000;141;9691729118;S
20240222;100008;563.650000000;377;9691729119;S
20240222;100008;564.300000000;2;9691729213;B
20240222;100008;563.750000000;1;9691729214;S
20240222;100008;563.800000000;2;9691729218;S
20240222;100008;564.300000000;2;9691729223;B
20240222;100008;563.800000000;2;9691729225;S
20240222;100008;564.300000000;1;9691729229;B
20240222;100008;564.300000000;1;9691729231;B
20240222;100008;563.800000000;2;9691729294;S
20240222;100008;564.300000000;2;9691729295;B
20240222;100008;563.800000000;8;9691729299;S
20240222;100008;564.300000000;2;9691729313;B
20240222;100008;564.300000000;1;9691729317;B
20240222;100008;563.800000000;2;9691729324;S
20240222;100008;563.800000000;1;9691729327;S
20240222;100008;563.800000000;1;9691729330;S
20240222;100008;563.800000000;2;9691729416;S
20240222;100008;564.300000000;1;9691729418;B
20240222;100008;563.800000000;2;9691729420;S
20240222;100008;564.300000000;17;9691729426;B
20240222;100008;564.300000000;17;9691729429;B
20240222;100008;564.300000000;1;9691729455;B
20240222;100008;564.300000000;2;9691729458;B
20240222;100008;564.300000000;2;9691729460;B
20240222;100008;564.300000000;1;9691729463;B
20240222;100009;564.100000000;1;9691729781;B
20240222;100009;564.100000000;1;9691729784;B
20240222;100009;564.100000000;2;9691729793;B
20240222;100009;564.100000000;1;9691729796;B
20240222;100009;564.100000000;1;9691729798;B
20240222;100009;564.100000000;2;9691729801;B
20240222;100009;563.850000000;2;9691729805;S
20240222;100009;564.100000000;1;9691729808;B
20240222;100009;564.100000000;1;9691729814;B
20240222;100009;563.850000000;2;9691729818;S
20240222;100009;563.850000000;2;9691729820;S
20240222;100009;563.900000000;3;9691730015;S
20240222;100009;564.100000000;20;9691730019;B
20240222;100009;564.300000000;50;9691730020;B
20240222;100009;564.300000000;1;9691730026;B
20240222;100009;563.900000000;2;9691730029;S
20240222;100009;564.300000000;2;9691730030;B
20240222;100009;563.900000000;7;9691730034;S
20240222;100009;564.300000000;1;9691730037;B
20240222;100009;564.300000000;1;9691730039;B
20240222;100009;563.900000000;1;9691730051;S
20240222;100009;564.300000000;2;9691730054;B
20240222;100009;564.300000000;2;9691730060;B
20240222;100009;564.300000000;2;9691730065;B
20240222;100009;563.900000000;3;9691730145;S
20240222;100009;564.300000000;5;9691730154;B
20240222;100009;563.900000000;1;9691730156;S
20240222;100009;564.300000000;1;9691730158;B
20240222;100009;563.900000000;2;9691730168;S
20240222;100009;564.300000000;2;9691730171;B
20240222;100009;564.300000000;2;9691730175;B
20240222;100009;564.300000000;100;9691730297;B
20240222;100009;563.900000000;1;9691730308;S
20240222;100009;563.900000000;1;9691730310;S
20240222;100009;563.900000000;5;9691730319;S
20240222;100009;563.900000000;2;9691730324;S
20240222;100009;563.900000000;2;9691730331;S
20240222;100009;563.950000000;141;9691730459;S
20240222;100009;563.900000000;50;9691730460;S
20240222;100009;563.900000000;80;9691730461;S
20240222;100009;563.900000000;141;9691730462;S
20240222;100009;563.850000000;141;9691730463;S
20240222;100009;563.800000000;80;9691730464;S
20240222;100009;563.650000000;367;9691730465;S
20240222;100009;564.250000000;1;9691730581;B
20240222;100009;564.250000000;1;9691730585;B
20240222;100009;564.250000000;2;9691730596;B
20240222;100009;564.250000000;1;9691730600;B
20240222;100009;564.250000000;3;9691730602;B
20240222;100009;563.750000000;60;9691730604;S
20240222;100010;564.250000000;1;9691730682;B
20240222;100010;564.250000000;2;9691730683;B
20240222;100010;564.250000000;2;9691730686;B
20240222;100010;564.250000000;1;9691730710;B
20240222;100010;564.250000000;2;9691730807;B
20240222;100010;564.200000000;1;9691730810;B
20240222;100010;564.200000000;2;9691730811;B
20240222;100010;564.200000000;1;9691730814;B
20240222;100010;564.200000000;2;9691730815;B
20240222;100010;564.200000000;1;9691730817;B
20240222;100010;564.200000000;2;9691730819;B
20240222;100010;564.000000000;1;9691730978;B
20240222;100010;564.200000000;1;9691730979;B
20240222;100010;563.850000000;2;9691731023;S
20240222;100010;564.200000000;1;9691731026;B
20240222;100010;564.200000000;2;9691731029;B
20240222;100010;564.200000000;2;9691731032;B
20240222;100010;564.200000000;2;9691731034;B
20240222;100010;564.200000000;1;9691731036;B
20240222;100010;563.900000000;1;9691731040;S
20240222;100010;563.900000000;5;9691731042;S
20240222;100010;564.200000000;2;9691731044;B
20240222;100010;563.850000000;3;9691731121;S
20240222;100010;564.200000000;2;9691731122;B
20240222;100010;564.200000000;1;9691731123;B
20240222;100010;564.200000000;1;9691731124;B
20240222;100010;564.200000000;1;9691731125;B
20240222;100010;564.200000000;1;9691731128;B
20240222;100010;564.200000000;1;9691731129;B
20240222;100010;563.950000000;3;9691731246;S
20240222;100010;564.200000000;34;9691731398;B
20240222;100011;564.000000000;3;9691731409;S
20240222;100011;564.000000000;3;9691731452;S
20240222;100011;564.050000000;3;9691731608;B
20240222;100011;564.150000000;80;9691731609;B
20240222;100011;564.150000000;17;9691731610;S
20240222;100011;564.100000000;100;9691731611;S
20240222;100011;564.000000000;100;9691731613;B
20240222;100011;564.000000000;100;9691731618;S
20240222;100011;563.950000000;83;9691731625;B
20240222;100011;563.950000000;17;9691731626;B
20240222;100011;563.950000000;83;9691731627;B
20240222;100011;563.950000000;17;9691731628;B
20240222;100012;563.900000000;100;9691731926;B
20240222;100012;563.900000000;83;9691731927;B
20240222;100013;563.900000000;3;9691732259;S
20240222;100013;564.150000000;3;9691732328;B
20240222;100013;564.150000000;358;9691732329;S
20240222;100014;564.200000000;19;9691732558;B
20240222;100014;564.350000000;62;9691732559;B
20240222;100014;564.350000000;3;9691732560;B
20240222;100014;564.400000000;534;9691732561;B
20240222;100014;564.400000000;267;9691732562;B
20240222;100015;564.000000000;3;9691732785;S
20240222;100015;564.300000000;20;9691732842;B
20240222;100015;564.400000000;7;9691733042;B
20240222;100016;564.350000000;117;9691733098;S
20240222;100016;564.400000000;193;9691733099;B
20240222;100016;564.400000000;141;9691733100;B
20240222;100016;564.450000000;5;9691733101;B
20240222;100016;564.350000000;1;9691733270;S
20240222;100016;564.350000000;1;9691733287;S
20240222;100017;564.400000000;1;9691733332;B
20240222;100017;564.400000000;138;9691733353;B
20240222;100017;564.350000000;1;9691733390;S
20240222;100017;564.400000000;1;9691733428;B
20240222;100017;564.350000000;47;9691733498;S
20240222;100018;564.350000000;3;9691733558;S
20240222;100019;564.350000000;200;9691734085;S
20240222;100019;564.400000000;1;9691734129;B
20240222;100019;564.300000000;3;9691734153;S
20240222;100019;564.300000000;34;9691734155;S
20240222;100019;564.300000000;1;9691734156;S
20240222;100020;564.300000000;14;9691734372;S
20240222;100020;564.300000000;100;9691734373;S
20240222;100020;564.300000000;100;9691734374;S
20240222;100020;564.300000000;100;9691734375;S
20240222;100020;564.300000000;100;9691734376;S
20240222;100020;564.300000000;48;9691734377;S
20240222;100020;564.000000000;1;9691734378;S
20240222;100020;564.000000000;51;9691734482;B
20240222;100020;564.250000000;49;9691734483;B
20240222;100020;564.350000000;1;9691734536;B
20240222;100021;564.350000000;1;9691734598;B
20240222;100021;564.350000000;1;9691734679;B
20240222;100021;564.350000000;8;9691734744;B
20240222;100023;564.000000000;1;9691735077;S
20240222;100023;564.000000000;6;9691735155;S
20240222;100024;563.950000000;3;9691735314;S
20240222;100024;563.950000000;200;9691735317;S
20240222;100024;563.950000000;200;9691735318;S
20240222;100024;564.000000000;50;9691735517;S
20240222;100025;564.300000000;20;9691735534;B
20240222;100025;564.300000000;20;9691735535;B
20240222;100025;564.350000000;260;9691735536;B
20240222;100027;564.250000000;5;9691736126;B
20240222;100027;564.000000000;1;9691736148;S
20240222;100027;563.950000000;4;9691736149;S
20240222;100028;564.000000000;183;9691736210;S
20240222;100028;564.000000000;5;9691736305;B
20240222;100028;564.000000000;35;9691736403;B
20240222;100029;563.950000000;137;9691736463;S
20240222;100029;563.950000000;1;9691736464;S
20240222;100030;563.950000000;22;9691736684;S
20240222;100030;564.300000000;1;9691736836;B
20240222;100030;564.300000000;1;9691736837;B
20240222;100030;564.300000000;19;9691736848;B
20240222;100030;564.350000000;106;9691736849;B
20240222;100031;564.350000000;6;9691736904;B
20240222;100031;564.350000000;1;9691736963;B
20240222;100032;563.950000000;300;9691737136;S
20240222;100032;563.950000000;3;9691737174;S
20240222;100032;563.900000000;100;9691737268;S
20240222;100032;563.900000000;1;9691737271;S
20240222;100032;563.950000000;3;9691737332;B
20240222;100033;563.900000000;1;9691737425;S
20240222;100034;563.950000000;1;9691737585;B
20240222;100035;563.950000000;5;9691737886;B
20240222;100036;563.900000000;8;9691738076;S
20240222;100036;563.900000000;2;9691738112;S
20240222;100037;563.900000000;4;9691738195;S
20240222;100037;563.950000000;1;9691738420;B
20240222;100038;563.900000000;6;9691738469;S
20240222;100038;563.900000000;1;9691738573;S
20240222;100039;563.900000000;229;9691738752;S
20240222;100039;563.900000000;2;9691738753;S
20240222;100039;563.900000000;443;9691738754;S
20240222;100039;563.800000000;141;9691738755;S
20240222;100039;563.750000000;141;9691738756;S
20240222;100039;563.750000000;1;9691738757;S
20240222;100039;563.700000000;43;9691738758;S
20240222;100039;563.750000000;300;9691738760;S
20240222;100039;563.750000000;100;9691738761;S
20240222;100039;563.750000000;43;9691738762;S
20240222;100040;563.750000000;157;9691739014;S
20240222;100040;563.900000000;1;9691739288;B
20240222;100041;563.750000000;4;9691739356;S
20240222;100041;563.750000000;1;9691739358;S
20240222;100041;563.750000000;26;9691739408;S
20240222;100042;563.900000000;1;9691739578;B
20240222;100042;563.900000000;1;9691739579;B
20240222;100042;563.900000000;1;9691739762;B
20240222;100043;563.900000000;15;9691739917;B
20240222;100044;563.900000000;3;9691740232;B
20240222;100044;563.950000000;17;9691740233;B
20240222;100044;563.950000000;2;9691740237;B
20240222;100044;563.950000000;5;9691740355;B
20240222;100046;563.950000000;1;9691740632;B
20240222;100048;563.950000000;10;9691741321;B
20240222;100049;563.950000000;1;9691741480;B
20240222;100051;563.900000000;10;9691741876;S
20240222;100054;563.900000000;3;9691742367;S
20240222;100055;563.950000000;50;9691742576;B
20240222;100055;563.950000000;250;9691742686;B
20240222;100057;563.950000000;4;9691743135;B
20240222;100100;563.950000000;1;9691743759;B
20240222;100100;563.950000000;1;9691743852;B
20240222;100100;563.950000000;1;9691743947;B
20240222;100101;563.950000000;1;9691744049;B
20240222;100101;563.950000000;1;9691744080;B
20240222;100103;563.950000000;10;9691744565;B
20240222;100104;563.950000000;10;9691744930;B
20240222;100105;563.950000000;1;9691744959;B
20240222;100105;563.950000000;1;9691745062;B
20240222;100105;563.900000000;25;9691745063;S
20240222;100105;563.900000000;3;9691745150;S
20240222;100106;563.950000000;1;9691745245;B
20240222;100106;563.900000000;1;9691745258;S
20240222;100106;563.900000000;6;9691745259;S
20240222;100106;563.900000000;200;9691745260;S
20240222;100106;563.850000000;12;9691745317;S
20240222;100106;563.850000000;56;9691745349;S
20240222;100106;563.850000000;12;9691745365;S
20240222;100106;563.850000000;2;9691745370;S
20240222;100106;563.850000000;8;9691745395;S
20240222;100106;563.900000000;3;9691745512;B
20240222;100106;563.850000000;10;9691745514;S
20240222;100106;563.850000000;13;9691745515;S
20240222;100106;563.750000000;1;9691745521;S
20240222;100106;563.750000000;299;9691745522;S
20240222;100107;563.900000000;1;9691745650;B
20240222;100107;563.650000000;61;9691745712;S
20240222;100107;563.650000000;33;9691745772;S
20240222;100107;563.650000000;11;9691745787;S
20240222;100108;563.900000000;2;9691746144;B
20240222;100108;563.850000000;10;9691746179;B
20240222;100108;563.850000000;1;9691746189;B
20240222;100109;563.700000000;1;9691746427;S
20240222;100110;563.800000000;11;9691746687;B
20240222;100111;563.800000000;77;9691746972;B
20240222;100112;563.800000000;100;9691747021;B
20240222;100113;563.850000000;4;9691747346;B
20240222;100113;563.850000000;100;9691747359;B
20240222;100113;563.850000000;1;9691747395;B
20240222;100113;563.850000000;20;9691747404;B
20240222;100116;563.650000000;200;9691747766;S
20240222;100116;563.800000000;198;9691747774;B
20240222;100116;563.850000000;10;9691747886;B
20240222;100117;563.800000000;18;9691747973;S
20240222;100117;563.850000000;1;9691748039;B
20240222;100119;563.800000000;284;9691748470;S
20240222;100119;563.800000000;200;9691748471;S
20240222;100119;563.650000000;5;9691748473;S
20240222;100119;563.650000000;2;9691748480;B
20240222;100119;563.650000000;1;9691748501;B
20240222;100119;563.650000000;1;9691748597;B
20240222;100120;563.650000000;7;9691748712;B
20240222;100120;563.650000000;2;9691748947;B
20240222;100121;563.650000000;1;9691749043;B
20240222;100121;563.600000000;24;9691749060;S
20240222;100122;563.650000000;1;9691749312;B
20240222;100122;563.650000000;1;9691749352;B
20240222;100123;563.650000000;1;9691749417;B
20240222;100124;563.600000000;6;9691749687;S
20240222;100124;563.600000000;86;9691749797;S
20240222;100124;563.600000000;1;9691749798;S
20240222;100124;563.600000000;13;9691749799;S
20240222;100124;563.650000000;14;9691749824;B
20240222;100125;563.650000000;1;9691749965;B
20240222;100125;563.650000000;1;9691749999;B
20240222;100126;563.600000000;2;9691750149;S
20240222;100126;563.650000000;2;9691750176;B
20240222;100128;563.650000000;5;9691750544;B
20240222;100128;563.650000000;5;9691750549;B
20240222;100128;563.600000000;53;9691750586;S
20240222;100128;563.600000000;2;9691750643;S
20240222;100129;563.650000000;1;9691750726;B
20240222;100130;563.600000000;2;9691750894;S
20240222;100130;563.650000000;1;9691751036;B
20240222;100131;563.650000000;2;9691751208;B
20240222;100132;563.650000000;1;9691751353;B
20240222;100133;563.650000000;20;9691751537;B
20240222;100133;563.650000000;1;9691751611;B
20240222;100134;563.650000000;1;9691751763;B
20240222;100134;563.650000000;15;9691751837;B
20240222;100134;563.650000000;6;9691751847;B
20240222;100135;563.600000000;25;9691751996;S
20240222;100135;563.650000000;3;9691752237;B
20240222;100137;563.650000000;1;9691752589;B
20240222;100137;563.650000000;1;9691752684;B
20240222;100138;563.650000000;2;9691752781;B
20240222;100138;563.650000000;1;9691752827;B
20240222;100138;563.650000000;2;9691752942;B
20240222;100139;563.650000000;1;9691753084;B
20240222;100140;563.650000000;93;9691753221;B
20240222;100140;563.600000000;2;9691753255;S
20240222;100143;563.600000000;1;9691753747;S
20240222;100143;563.600000000;6;9691753748;S
20240222;100143;563.600000000;458;9691753819;S
20240222;100143;563.600000000;4;9691753820;S
20240222;100143;563.600000000;25;9691753821;S
20240222;100143;563.600000000;377;9691753822;S
20240222;100143;563.600000000;12;9691753847;S
20240222;100143;563.650000000;40;9691753902;B
20240222;100144;563.600000000;11;9691754038;S
20240222;100144;563.600000000;39;9691754039;S
20240222;100144;563.650000000;20;9691754063;B
20240222;100144;563.650000000;1;9691754125;B
20240222;100144;563.650000000;10;9691754184;B
20240222;100146;563.650000000;2;9691754465;B
20240222;100147;563.650000000;1;9691754664;B
20240222;100147;563.650000000;1;9691754732;B
20240222;100147;563.650000000;23;9691754782;B
20240222;100147;563.700000000;48;9691754783;B
20240222;100147;563.750000000;179;9691754784;B
20240222;100148;563.650000000;1;9691754913;B
20240222;100148;563.600000000;1;9691754921;S
20240222;100149;563.650000000;2;9691755137;B
20240222;100149;563.650000000;1;9691755149;B
20240222;100149;563.600000000;10;9691755186;S
20240222;100152;563.650000000;1;9691755540;B
20240222;100152;563.750000000;1;9691755541;B
20240222;100152;563.750000000;300;9691755542;B
20240222;100152;563.700000000;300;9691755661;B
20240222;100152;563.650000000;3;9691755662;S
20240222;100154;563.650000000;10;9691755984;B
20240222;100154;563.650000000;1;9691756021;B
20240222;100155;563.650000000;1;9691756280;B
20240222;100155;563.650000000;50;9691756299;B
20240222;100155;563.650000000;5;9691756456;B
20240222;100158;563.600000000;66;9691757031;S
20240222;100158;563.600000000;34;9691757032;S
20240222;100158;563.650000000;1;9691757122;B
20240222;100158;563.650000000;1;9691757132;B
20240222;100158;563.600000000;1;9691757181;S
20240222;100159;563.650000000;10;9691757403;B
20240222;100159;563.650000000;1;9691757429;B
20240222;100200;563.650000000;2;9691757654;B
20240222;100200;563.650000000;215;9691757763;B
20240222;100200;563.800000000;2;9691757764;B
20240222;100200;563.800000000;33;9691757765;B
20240222;100200;563.800000000;3;9691757766;B
20240222;100200;563.600000000;1;9691757767;S
20240222;100200;563.800000000;1;9691757807;B
20240222;100200;563.600000000;6;9691757867;S
20240222;100202;563.700000000;1;9691758326;B
20240222;100202;563.700000000;96;9691758458;B
20240222;100203;563.700000000;1;9691758684;B
20240222;100204;563.700000000;11;9691758770;B
20240222;100204;563.700000000;28;9691758822;B
20240222;100204;563.650000000;1;9691758858;S
20240222;100204;563.650000000;1;9691758859;S
20240222;100204;563.700000000;1;9691758878;B
20240222;100204;563.700000000;14;9691758962;B
20240222;100205;563.700000000;2;9691759164;B
20240222;100207;563.650000000;1;9691759656;S
20240222;100208;563.700000000;6;9691759696;B
20240222;100208;563.650000000;148;9691759778;S
20240222;100208;563.650000000;1;9691759779;S
20240222;100208;563.600000000;1209;9691759780;S
20240222;100208;563.600000000;100;9691759781;S
20240222;100208;563.600000000;4;9691759782;S
20240222;100208;563.600000000;2;9691759783;S
20240222;100208;563.600000000;1;9691759784;S
20240222;100208;563.600000000;469;9691759785;S
20240222;100208;563.600000000;200;9691759786;S
20240222;100208;563.600000000;1;9691759787;S
20240222;100208;563.600000000;29;9691759788;S
20240222;100208;563.600000000;32;9691759789;S
20240222;100208;563.600000000;4;9691759790;S
20240222;100208;563.600000000;140;9691759792;S
20240222;100209;563.700000000;141;9691760055;B
20240222;100209;563.750000000;2;9691760076;B
20240222;100209;563.750000000;1;9691760104;B
20240222;100210;563.750000000;2;9691760280;B
20240222;100211;563.750000000;5;9691760501;B
20240222;100212;563.750000000;3;9691760585;B
20240222;100212;563.700000000;4;9691760739;S
20240222;100213;563.750000000;20;9691760861;B
20240222;100214;563.700000000;20;9691761062;S
20240222;100214;563.750000000;7;9691761073;B
20240222;100214;563.750000000;15;9691761166;B
20240222;100214;563.800000000;29;9691761167;B
20240222;100214;563.850000000;93;9691761168;B
20240222;100214;563.850000000;42;9691761181;B
20240222;100214;563.850000000;2;9691761216;B
20240222;100214;563.850000000;90;9691761339;B
20240222;100215;563.850000000;12;9691761354;B
20240222;100215;563.900000000;2;9691761355;B
20240222;100215;563.850000000;10;9691761533;B
20240222;100215;563.850000000;63;9691761635;B
20240222;100215;563.900000000;19;9691761636;B
20240222;100216;563.750000000;2;9691761870;S
20240222;100216;563.750000000;13;9691761886;S
20240222;100217;563.800000000;9;9691762079;B
20240222;100217;563.800000000;5;9691762090;B
20240222;100217;563.800000000;20;9691762118;B
20240222;100218;563.800000000;14;9691762213;B
20240222;100218;563.800000000;15;9691762419;B
20240222;100218;563.750000000;2;9691762453;S
20240222;100219;563.800000000;14;9691762652;B
20240222;100220;563.750000000;2;9691762927;S
20240222;100220;563.800000000;1;9691763016;B
20240222;100220;563.750000000;1;9691763021;S
20240222;100221;563.800000000;2;9691763187;B
20240222;100221;563.800000000;31;9691763195;B
20240222;100221;563.800000000;10;9691763291;B
20240222;100222;563.800000000;14;9691763457;B
20240222;100222;563.800000000;4;9691763528;B
20240222;100222;563.750000000;3;9691763585;S
20240222;100223;563.800000000;14;9691763636;B
20240222;100223;563.750000000;10;9691763819;S
20240222;100223;563.800000000;55;9691763853;B
20240222;100223;563.800000000;92;9691763906;B
20240222;100223;563.850000000;37;9691763907;B
20240222;100223;563.900000000;9;9691763908;B
20240222;100223;563.850000000;18;9691764026;B
20240222;100224;563.900000000;13;9691764091;B
20240222;100224;563.900000000;141;9691764092;B
20240222;100224;563.900000000;1;9691764109;B
20240222;100225;563.900000000;58;9691764428;B
20240222;100225;563.900000000;52;9691764429;B
20240222;100225;563.900000000;10;9691764505;B
20240222;100226;563.900000000;5;9691764534;B
20240222;100226;563.850000000;18;9691764542;S
20240222;100226;563.900000000;1;9691764561;B
20240222;100227;563.900000000;1;9691764760;B
20240222;100228;563.900000000;1;9691765082;B
20240222;100229;563.900000000;129;9691765449;B
20240222;100229;563.900000000;9;9691765450;B
20240222;100230;563.950000000;100;9691765674;B
20240222;100231;563.950000000;10;9691765755;B
20240222;100231;563.950000000;2;9691765889;B
20240222;100231;563.900000000;190;9691765992;S
20240222;100232;563.950000000;2;9691766095;B
20240222;100232;563.900000000;3;9691766273;S
20240222;100233;563.900000000;10;9691766433;S
20240222;100233;563.950000000;15;9691766476;B
20240222;100234;563.950000000;5;9691766758;B
20240222;100234;563.950000000;1;9691766803;B
20240222;100234;563.950000000;4;9691766813;B
20240222;100234;563.950000000;1;9691766953;B
20240222;100235;563.950000000;1;9691767039;B
20240222;100235;563.900000000;3;9691767048;S
20240222;100235;563.950000000;1;9691767144;B
20240222;100236;563.950000000;2;9691767247;B
20240222;100237;563.950000000;3;9691767421;B
20240222;100237;563.950000000;5;9691767521;B
20240222;100238;563.950000000;2;9691767827;B
20240222;100239;563.900000000;1;9691768148;S
20240222;100240;563.950000000;11;9691768488;B
20240222;100241;563.950000000;1;9691768522;B
20240222;100241;563.950000000;1;9691768549;B
20240222;100241;563.900000000;155;9691768631;S
20240222;100241;563.900000000;300;9691768632;S
20240222;100241;563.900000000;150;9691768633;S
20240222;100241;563.900000000;195;9691768634;S
20240222;100242;563.950000000;60;9691768766;B
20240222;100242;563.950000000;2;9691768809;B
20240222;100242;563.950000000;2;9691768897;B
20240222;100242;563.950000000;5;9691768910;B
20240222;100244;563.950000000;1;9691769149;B
20240222;100244;563.950000000;2;9691769228;B
20240222;100244;563.900000000;2;9691769245;S
20240222;100244;563.900000000;98;9691769310;S
20240222;100244;563.900000000;50;9691769311;S
20240222;100244;563.900000000;150;9691769312;S
20240222;100244;563.900000000;52;9691769313;S
20240222;100244;563.950000000;51;9691769376;B
20240222;100244;563.950000000;2;9691769377;B
20240222;100244;563.950000000;2;9691769378;B
20240222;100244;563.950000000;5;9691769379;B
20240222;100244;564.000000000;28;9691769380;B
20240222;100245;563.950000000;1;9691769695;B
20240222;100245;563.950000000;1;9691769747;B
20240222;100246;563.950000000;10;9691769860;S
20240222;100246;564.000000000;1;9691769924;B
20240222;100247;564.000000000;20;9691769987;B
20240222;100247;564.000000000;100;9691770112;B
20240222;100248;564.000000000;2;9691770435;B
20240222;100249;564.000000000;8;9691770585;B
20240222;100249;563.950000000;4;9691770681;S
20240222;100250;564.000000000;100;9691770819;B
20240222;100250;564.000000000;19;9691770822;B
20240222;100251;564.000000000;1;9691770972;B
20240222;100251;564.000000000;3;9691771028;B
20240222;100252;564.000000000;1;9691771076;B
20240222;100252;564.000000000;2000;9691771236;B
20240222;100253;564.000000000;8;9691771546;B
20240222;100254;563.950000000;25;9691771784;S
20240222;100254;564.000000000;138;9691771847;B
20240222;100254;563.950000000;1;9691771891;S
20240222;100255;564.000000000;138;9691771957;B
20240222;100255;564.000000000;1000;9691772144;B
20240222;100255;564.000000000;10;9691772148;B
20240222;100256;564.000000000;5;9691772257;B
20240222;100256;564.000000000;3;9691772345;B
20240222;100256;563.950000000;1;9691772463;S
20240222;100258;564.000000000;28;9691772839;B
20240222;100300;564.000000000;6;9691773108;B
20240222;100300;564.000000000;1;9691773135;B
20240222;100300;563.950000000;1;9691773318;S
20240222;100300;563.950000000;19;9691773319;S
20240222;100301;564.000000000;4;9691773456;B
20240222;100301;564.000000000;2;9691773485;B
20240222;100301;564.000000000;11;9691773528;B
20240222;100302;564.000000000;10;9691773849;B
20240222;100304;564.000000000;1;9691774258;B
20240222;100304;563.950000000;3;9691774440;S
20240222;100305;564.000000000;1;9691774666;B
20240222;100307;563.950000000;128;9691775002;S
20240222;100307;563.950000000;534;9691775003;S
20240222;100307;563.950000000;38;9691775004;S
20240222;100307;564.000000000;1;9691775067;B
20240222;100308;564.000000000;1;9691775310;B
20240222;100309;564.000000000;3;9691775473;B
20240222;100309;564.000000000;1;9691775513;B
20240222;100310;564.000000000;1000;9691775560;B
20240222;100310;563.950000000;2;9691775580;S
20240222;100310;563.950000000;10;9691775628;S
20240222;100311;564.000000000;300;9691775691;B
20240222;100311;564.000000000;1;9691775748;B
20240222;100312;564.000000000;1000;9691776092;B
20240222;100313;564.000000000;50;9691776121;B
20240222;100313;564.000000000;298;9691776124;B
20240222;100313;564.000000000;1;9691776129;B
20240222;100313;564.000000000;51;9691776130;B
20240222;100313;564.000000000;1;9691776168;B
20240222;100313;564.000000000;50;9691776194;B
20240222;100313;564.000000000;102;9691776238;B
20240222;100313;564.000000000;1;9691776239;B
20240222;100313;564.000000000;9;9691776240;B
20240222;100313;564.000000000;6;9691776241;B
20240222;100313;564.000000000;257;9691776242;B
20240222;100314;564.100000000;1;9691776368;B
20240222;100314;564.250000000;1;9691776602;S
20240222;100315;564.300000000;30;9691776798;B
20240222;100316;564.250000000;10;9691777010;S
20240222;100316;564.250000000;2;9691777066;S
20240222;100316;564.250000000;87;9691777127;S
20240222;100316;564.250000000;13;9691777128;S
20240222;100317;564.300000000;5;9691777202;B
20240222;100317;564.250000000;1;9691777301;S
20240222;100318;564.300000000;1;9691777436;B
20240222;100318;564.300000000;50;9691777474;B
20240222;100319;564.250000000;3;9691777717;S
20240222;100320;564.300000000;2;9691777851;B
20240222;100320;564.250000000;1;9691777946;S
20240222;100322;564.300000000;100;9691778519;B
20240222;100322;564.300000000;12;9691778521;B
20240222;100322;564.400000000;2;9691778522;B
20240222;100322;564.400000000;1;9691778523;B
20240222;100322;564.400000000;1;9691778524;B
20240222;100322;564.450000000;134;9691778525;B
20240222;100324;564.300000000;1;9691778857;B
20240222;100324;564.300000000;1;9691778937;B
20240222;100324;564.350000000;12;9691778938;B
20240222;100324;564.250000000;82;9691779547;S
20240222;100324;564.350000000;1;9691779605;B
20240222;100325;564.300000000;2;9691779797;B
20240222;100326;564.400000000;354;9691779974;B
20240222;100326;564.450000000;200;9691779975;B
20240222;100326;564.450000000;9;9691780094;B
20240222;100327;564.450000000;5;9691780275;B
20240222;100327;564.450000000;2;9691780309;B
20240222;100327;564.400000000;3;9691780311;S
20240222;100327;564.450000000;10;9691780402;B
20240222;100328;564.400000000;4;9691780460;S
20240222;100328;564.450000000;1607;9691780463;B
20240222;100328;564.450000000;393;9691780464;B
20240222;100328;564.450000000;1;9691780466;B
20240222;100328;564.450000000;6;9691780481;B
20240222;100328;564.400000000;1;9691780598;S
20240222;100329;564.450000000;472;9691780820;B
20240222;100329;564.450000000;396;9691780821;B
20240222;100329;564.450000000;3;9691780822;B
20240222;100329;564.450000000;129;9691780823;B
20240222;100330;564.450000000;200;9691781006;B
20240222;100330;564.450000000;13;9691781022;B
20240222;100330;564.450000000;300;9691781124;B
20240222;100331;564.400000000;1;9691781169;S
20240222;100331;564.450000000;4;9691781207;B
20240222;100332;564.450000000;20;9691781349;B
20240222;100332;564.400000000;3;9691781391;S
20240222;100332;564.450000000;365;9691781413;B
20240222;100332;564.450000000;100;9691781414;B
20240222;100332;564.450000000;200;9691781415;B
20240222;100332;564.450000000;1;9691781416;B
20240222;100332;564.500000000;1;9691781418;B
20240222;100332;564.500000000;1;9691781419;B
20240222;100332;564.500000000;30;9691781420;B
20240222;100332;564.500000000;2;9691781421;B
20240222;100332;564.550000000;1;9691781422;B
20240222;100332;564.550000000;10;9691781423;B
20240222;100332;564.550000000;3;9691781424;B
20240222;100332;564.600000000;1;9691781425;B
20240222;100332;564.650000000;1;9691781435;B
20240222;100332;564.650000000;2;9691781436;B
20240222;100332;564.650000000;1;9691781438;B
20240222;100332;564.700000000;1;9691781439;B
20240222;100332;564.750000000;1;9691781441;B
20240222;100332;564.750000000;10;9691781442;B
20240222;100332;564.750000000;3;9691781443;B
20240222;100332;564.750000000;30;9691781444;B
20240222;100332;564.800000000;1;9691781445;B
20240222;100333;564.850000000;1;9691781488;B
20240222;100333;564.850000000;1;9691781489;B
20240222;100333;564.850000000;3;9691781490;B
20240222;100333;564.900000000;1;9691781493;B
20240222;100333;564.900000000;10;9691781494;B
20240222;100333;564.950000000;1;9691781495;B
20240222;100333;564.950000000;1;9691781496;B
20240222;100333;564.950000000;50;9691781497;B
20240222;100333;564.950000000;11;9691781498;B
20240222;100333;564.950000000;3;9691781499;B
20240222;100333;564.950000000;1;9691781500;B
20240222;100333;564.950000000;30;9691781501;B
20240222;100333;564.950000000;30;9691781502;B
20240222;100333;565.000000000;1;9691781503;B
20240222;100333;565.000000000;6;9691781504;B
20240222;100333;565.000000000;1;9691781505;B
20240222;100333;565.000000000;27;9691781506;B
20240222;100333;565.000000000;1;9691781507;B
20240222;100333;565.000000000;1;9691781508;B
20240222;100333;565.050000000;1;9691781509;B
20240222;100333;565.050000000;3;9691781510;B
20240222;100333;565.050000000;21;9691781511;B
20240222;100333;565.100000000;1;9691781512;B
20240222;100333;565.100000000;5;9691781513;B
20240222;100333;565.150000000;1;9691781514;B
20240222;100333;565.150000000;3;9691781515;B
20240222;100333;565.150000000;141;9691781516;B
20240222;100333;565.150000000;297;9691781517;B
20240222;100333;565.150000000;145;9691781518;B
20240222;100333;565.200000000;1;9691781519;B
20240222;100333;565.200000000;20;9691781520;B
20240222;100333;565.250000000;1;9691781533;B
20240222;100333;565.250000000;5;9691781534;B
20240222;100333;565.250000000;3;9691781535;B
20240222;100333;565.300000000;1;9691781536;B
20240222;100333;565.300000000;5;9691781537;B
20240222;100333;565.300000000;21;9691781538;B
20240222;100333;565.250000000;1;9691781553;B
20240222;100333;565.200000000;1;9691781565;S
20240222;100333;565.200000000;20;9691781587;S
20240222;100333;565.200000000;2;9691781596;S
20240222;100333;565.250000000;140;9691781599;B
20240222;100333;565.250000000;159;9691781618;B
20240222;100333;565.300000000;194;9691781619;B
20240222;100333;565.300000000;65;9691781620;B
20240222;100333;565.300000000;500;9691781621;B
20240222;100333;565.250000000;1;9691781626;S
20240222;100333;565.250000000;1;9691781695;S
20240222;100334;565.300000000;500;9691781703;B
20240222;100334;565.300000000;255;9691781704;B
20240222;100334;565.300000000;100;9691781705;B
20240222;100334;565.300000000;400;9691781706;B
20240222;100334;565.300000000;100;9691781708;B
20240222;100334;565.250000000;2;9691781748;S
20240222;100334;565.300000000;2;9691781795;B
20240222;100335;565.250000000;1;9691781899;S
20240222;100335;565.250000000;16;9691782036;S
20240222;100335;565.300000000;35;9691782040;B
20240222;100335;565.250000000;1;9691782056;S
20240222;100336;565.250000000;1;9691782057;S
20240222;100336;565.250000000;1;9691782094;S
20240222;100336;565.300000000;2;9691782101;B
20240222;100336;565.250000000;41;9691782129;S
20240222;100336;565.300000000;5;9691782137;B
20240222;100336;565.250000000;50;9691782145;S
20240222;100337;565.250000000;36;9691782330;S
20240222;100337;565.250000000;100;9691782331;S
20240222;100337;565.250000000;100;9691782332;S
20240222;100337;565.250000000;1;9691782333;S
20240222;100337;565.250000000;1;9691782334;S
20240222;100337;565.200000000;1;9691782350;S
20240222;100337;565.250000000;4;9691782358;B
20240222;100337;565.250000000;1;9691782421;B
20240222;100338;565.200000000;2;9691782592;S
20240222;100338;565.250000000;1;9691782608;B
20240222;100338;565.250000000;50;9691782673;B
20240222;100338;565.250000000;4;9691782678;B
20240222;100338;565.200000000;5;9691782714;S
20240222;100339;565.250000000;1;9691782889;B
20240222;100340;565.200000000;1;9691783132;S
20240222;100344;565.250000000;1;9691783902;B
20240222;100344;565.250000000;1;9691783903;B
20240222;100347;565.250000000;20;9691784733;B
20240222;100347;565.250000000;3;9691784758;B
20240222;100348;565.250000000;1;9691784901;B
20240222;100348;565.250000000;50;9691784937;B
20240222;100349;565.250000000;1;9691784984;B
20240222;100350;565.200000000;68;9691785395;S
20240222;100350;565.200000000;32;9691785396;S
20240222;100351;565.250000000;2;9691785485;B
20240222;100351;565.200000000;68;9691785676;S
20240222;100351;565.200000000;12;9691785677;S
20240222;100351;565.200000000;88;9691785679;S
20240222;100351;565.200000000;53;9691785680;S
20240222;100351;565.200000000;47;9691785693;S
20240222;100351;565.200000000;94;9691785694;S
20240222;100351;565.250000000;20;9691785697;B
20240222;100353;565.250000000;1;9691786109;B
20240222;100353;565.200000000;1;9691786132;S
20240222;100353;565.250000000;1;9691786167;B
20240222;100354;565.250000000;20;9691786242;B
20240222;100354;565.250000000;1;9691786303;B
20240222;100354;565.250000000;20;9691786304;B
20240222;100354;565.250000000;1;9691786305;B
20240222;100354;565.200000000;3;9691786388;S
20240222;100354;565.250000000;29;9691786429;B
20240222;100354;565.200000000;2;9691786431;S
20240222;100354;565.200000000;46;9691786432;S
20240222;100355;565.250000000;1;9691786446;B
20240222;100355;565.200000000;44;9691786569;S
20240222;100355;565.200000000;1;9691786570;S
20240222;100355;565.200000000;1;9691786571;S
20240222;100355;565.200000000;10;9691786572;S
20240222;100355;565.200000000;10;9691786573;S
20240222;100355;565.200000000;3;9691786574;S
20240222;100355;565.200000000;1;9691786575;S
20240222;100356;565.200000000;138;9691786879;B
20240222;100356;565.200000000;1;9691786881;B
20240222;100356;565.200000000;1;9691786890;B
20240222;100357;565.200000000;1;9691787130;B
20240222;100357;565.200000000;45;9691787131;B
20240222;100358;565.200000000;24;9691787192;B
20240222;100358;565.200000000;2;9691787201;B
20240222;100358;565.050000000;150;9691787294;S
20240222;100358;565.000000000;15;9691787295;S
20240222;100358;565.000000000;2;9691787296;S
20240222;100358;564.800000000;33;9691787297;S
20240222;100358;564.700000000;250;9691787310;S
20240222;100358;564.750000000;33;9691787311;S
20240222;100358;564.700000000;86;9691787312;S
20240222;100358;564.700000000;161;9691787313;S
20240222;100358;564.550000000;100;9691787328;S
20240222;100358;564.550000000;41;9691787329;S
20240222;100358;564.550000000;34;9691787330;B
20240222;100359;564.550000000;12;9691787345;B
20240222;100359;564.500000000;100;9691787346;S
20240222;100359;564.600000000;13;9691787612;B
20240222;100359;564.600000000;7;9691787613;B
20240222;100359;564.600000000;100;9691787707;B
20240222;100359;564.600000000;32;9691787729;B
20240222;100359;564.600000000;68;9691787730;B
20240222;100401;564.650000000;1;9691788034;S
20240222;100401;564.650000000;25;9691788059;B
20240222;100401;564.650000000;275;9691788357;B
20240222;100401;564.650000000;25;9691788358;B
20240222;100402;564.700000000;1;9691788499;B
20240222;100402;564.700000000;3;9691788562;B
20240222;100402;564.700000000;2;9691788565;B
20240222;100402;564.650000000;40;9691788610;S
20240222;100403;564.750000000;32;9691788644;S
20240222;100403;564.750000000;2;9691788743;B
20240222;100404;564.750000000;1;9691788932;B
20240222;100405;564.750000000;2;9691789220;B
20240222;100406;564.750000000;20;9691789274;B
20240222;100406;564.750000000;50;9691789325;B
20240222;100406;564.700000000;1;9691789403;S
20240222;100406;564.750000000;1;9691789455;B
20240222;100407;564.700000000;16;9691789526;S
20240222;100407;564.650000000;50;9691789527;S
20240222;100407;564.650000000;250;9691789528;S
20240222;100407;564.450000000;4;9691789530;S
20240222;100407;564.450000000;2;9691789531;S
20240222;100407;564.450000000;141;9691789532;S
20240222;100407;564.450000000;31;9691789533;S
20240222;100407;564.450000000;280;9691789534;S
20240222;100407;564.450000000;141;9691789535;S
20240222;100407;564.300000000;2;9691789536;S
20240222;100407;564.300000000;1;9691789537;S
20240222;100407;564.300000000;20;9691789538;S
20240222;100407;564.300000000;5;9691789539;S
20240222;100407;564.300000000;64;9691789540;S
20240222;100407;564.300000000;141;9691789541;S
20240222;100407;564.300000000;67;9691789542;S
20240222;100407;564.300000000;300;9691789543;S
20240222;100407;564.250000000;1;9691789578;S
20240222;100407;564.300000000;40;9691789602;B
20240222;100408;564.250000000;54;9691789647;S
20240222;100408;564.300000000;3;9691789657;B
20240222;100408;564.250000000;200;9691789741;S
20240222;100408;564.250000000;1;9691789805;S
20240222;100409;564.300000000;197;9691789952;B
20240222;100409;564.450000000;36;9691789953;B
20240222;100409;564.700000000;67;9691789954;B
20240222;100409;564.500000000;100;9691790009;B
20240222;100410;564.450000000;2;9691790193;B
20240222;100410;564.450000000;30;9691790398;B
20240222;100411;564.450000000;1;9691790508;B
20240222;100411;564.450000000;50;9691790524;B
20240222;100413;564.500000000;9;9691791028;B
20240222;100413;564.500000000;100;9691791061;B
20240222;100414;564.400000000;200;9691791264;S
20240222;100414;564.350000000;200;9691791265;S
20240222;100414;564.250000000;56;9691791266;S
20240222;100414;564.250000000;1;9691791267;S
20240222;100414;564.250000000;442;9691791268;S
20240222;100414;564.200000000;82;9691791302;S
20240222;100414;564.250000000;10;9691791348;B
20240222;100414;564.250000000;1;9691791384;B
20240222;100415;564.250000000;1;9691791610;B
20240222;100415;564.200000000;1;9691791678;S
20240222;100415;564.250000000;1;9691791704;B
20240222;100415;564.250000000;1;9691791707;B
20240222;100417;564.250000000;5;9691792036;B
20240222;100417;564.250000000;732;9691792075;B
20240222;100417;564.300000000;33;9691792076;B
20240222;100417;564.400000000;34;9691792077;B
20240222;100417;564.650000000;12;9691792078;B
20240222;100417;564.700000000;189;9691792079;B
20240222;100417;564.450000000;1;9691792095;B
20240222;100418;564.400000000;4;9691792262;B
20240222;100418;564.400000000;1;9691792266;B
20240222;100419;564.200000000;1;9691792585;S
20240222;100419;564.350000000;123;9691792670;B
20240222;100420;564.350000000;1;9691792877;B
20240222;100420;564.350000000;5;9691793111;B
20240222;100421;564.350000000;43;9691793416;B
20240222;100421;564.350000000;19;9691793417;B
20240222;100421;564.400000000;1;9691793526;B
20240222;100422;564.350000000;3;9691793612;B
20240222;100422;564.350000000;20;9691793615;B
20240222;100422;564.350000000;3;9691793662;B
20240222;100422;564.350000000;10;9691793694;B
20240222;100423;564.400000000;30;9691793916;B
20240222;100423;564.400000000;3;9691794021;B
20240222;100423;564.450000000;3;9691794036;B
20240222;100424;564.500000000;4;9691794107;B
20240222;100424;564.400000000;1;9691794120;B
20240222;100424;564.350000000;33;9691794220;S
20240222;100424;564.300000000;5;9691794221;S
20240222;100424;564.300000000;141;9691794222;S
20240222;100424;564.300000000;442;9691794223;S
20240222;100424;564.300000000;269;9691794224;S
20240222;100424;564.300000000;181;9691794225;S
20240222;100424;564.300000000;19;9691794226;S
20240222;100425;564.500000000;2;9691794394;B
20240222;100425;564.450000000;2;9691794470;B
20240222;100427;564.350000000;2;9691794792;B
20240222;100427;564.300000000;4;9691794831;S
20240222;100427;564.300000000;30;9691794941;S
20240222;100428;564.350000000;1;9691794964;B
20240222;100428;564.350000000;1;9691794994;B
20240222;100428;564.450000000;2;9691794995;B
20240222;100428;564.300000000;40;9691795018;S
20240222;100428;564.500000000;5;9691795156;B
20240222;100428;564.350000000;16;9691795167;S
20240222;100429;564.350000000;1;9691795217;B
20240222;100431;564.350000000;2;9691795829;B
20240222;100433;564.350000000;1;9691796211;B
20240222;100434;564.350000000;2;9691796601;B
20240222;100434;564.350000000;200;9691796685;B
20240222;100434;564.350000000;2;9691796787;B
20240222;100434;564.350000000;7;9691796822;B
20240222;100435;564.350000000;69;9691796882;B
20240222;100435;564.450000000;47;9691796883;B
20240222;100435;564.500000000;89;9691796884;B
20240222;100435;564.500000000;10;9691796885;B
20240222;100435;564.500000000;1;9691796886;B
20240222;100435;564.550000000;26;9691796887;B
20240222;100435;564.550000000;238;9691796888;B
20240222;100435;564.700000000;58;9691796889;B
20240222;100435;564.700000000;534;9691796890;B
20240222;100435;564.750000000;500;9691796891;B
20240222;100435;564.750000000;1;9691796892;B
20240222;100435;564.850000000;376;9691796893;B
20240222;100435;564.850000000;10;9691796901;S
20240222;100437;564.900000000;1;9691797503;S
20240222;100437;564.900000000;1;9691797596;S
20240222;100437;564.950000000;1;9691797597;B
20240222;100438;564.900000000;9;9691797866;S
20240222;100439;564.950000000;19;9691797932;B
20240222;100439;564.950000000;12;9691797933;B
20240222;100439;564.950000000;45;9691797934;B
20240222;100439;565.000000000;10;9691797935;B
20240222;100439;565.000000000;15;9691797936;B
20240222;100439;565.000000000;37;9691797937;B
20240222;100439;564.950000000;1;9691798038;S
20240222;100439;565.050000000;2;9691798126;B
20240222;100439;565.100000000;1;9691798127;B
20240222;100441;565.150000000;138;9691798357;B
20240222;100441;565.200000000;1;9691798539;B
20240222;100441;565.200000000;1;9691798633;B
20240222;100442;565.200000000;1;9691798716;B
20240222;100442;565.200000000;3;9691798774;B
20240222;100443;565.200000000;40;9691798885;B
20240222;100443;565.200000000;66;9691798938;B
20240222;100443;565.200000000;12;9691798939;B
20240222;100443;565.200000000;15;9691798984;B
20240222;100443;565.200000000;25;9691798985;B
20240222;100443;565.200000000;2;9691798995;B
20240222;100445;565.200000000;50;9691799332;B
20240222;100445;565.200000000;64;9691799333;B
20240222;100447;565.250000000;1;9691799855;B
20240222;100447;565.250000000;1;9691799874;B
20240222;100447;565.200000000;2;9691799935;S
20240222;100448;565.250000000;1;9691800210;B
20240222;100448;565.250000000;2;9691800219;B
20240222;100448;565.250000000;13;9691800220;B
20240222;100449;565.250000000;3;9691800346;B
20240222;100449;565.250000000;1;9691800507;B
20240222;100450;565.250000000;1;9691800637;B
20240222;100450;565.200000000;3;9691800709;S
20240222;100451;565.250000000;82;9691800941;B
20240222;100451;565.300000000;2;9691800942;B
20240222;100451;565.300000000;1;9691800943;B
20240222;100451;565.300000000;15;9691800944;B
20240222;100451;565.300000000;96;9691800998;B
20240222;100451;565.300000000;2;9691801019;B
20240222;100453;565.300000000;70;9691801288;B
20240222;100453;565.300000000;224;9691801289;B
20240222;100453;565.300000000;2;9691801292;B
20240222;100453;565.350000000;1;9691801294;B
20240222;100453;565.350000000;4;9691801295;B
20240222;100453;565.350000000;1;9691801296;B
20240222;100453;565.350000000;3;9691801510;B
20240222;100453;565.350000000;3;9691801511;B
20240222;100453;565.350000000;3;9691801512;B
20240222;100453;565.350000000;3;9691801513;B
20240222;100453;565.350000000;100;9691801514;B
20240222;100453;565.350000000;442;9691801515;B
20240222;100453;565.400000000;1;9691801516;B
20240222;100453;565.400000000;3;9691801517;B
20240222;100453;565.450000000;1;9691801518;B
20240222;100453;565.450000000;18;9691801519;B
20240222;100453;565.450000000;3;9691801520;B
20240222;100453;565.450000000;43;9691801521;B
20240222;100453;565.500000000;1;9691801522;B
20240222;100453;565.500000000;3;9691801523;B
20240222;100453;565.500000000;10;9691801524;B
20240222;100453;565.550000000;1;9691801525;B
20240222;100453;565.550000000;3;9691801526;B
20240222;100453;565.550000000;1;9691801527;B
20240222;100453;565.550000000;141;9691801528;B
20240222;100453;565.600000000;1;9691801529;B
20240222;100453;565.600000000;3;9691801530;B
20240222;100453;565.600000000;77;9691801531;B
20240222;100453;565.600000000;1;9691801544;B
20240222;100454;565.550000000;1;9691801740;S
20240222;100454;565.550000000;2;9691801741;S
20240222;100454;565.600000000;2;9691801746;B
20240222;100454;565.600000000;60;9691801758;B
20240222;100454;565.550000000;1;9691801759;S
20240222;100454;565.550000000;1;9691801774;S
20240222;100454;565.550000000;1;9691801783;S
20240222;100454;565.550000000;1;9691801816;S
20240222;100455;565.600000000;100;9691801849;B
20240222;100455;565.600000000;100;9691801850;B
20240222;100455;565.600000000;10;9691801851;B
20240222;100455;565.650000000;1;9691801852;B
20240222;100455;565.650000000;6;9691801853;B
20240222;100455;565.650000000;92;9691801854;B
20240222;100455;565.650000000;20;9691801855;B
20240222;100455;565.650000000;90;9691801856;B
20240222;100455;565.700000000;1;9691801857;B
20240222;100455;565.700000000;2;9691801858;B
20240222;100455;565.700000000;78;9691801859;B
20240222;100455;565.550000000;1;9691801904;S
20240222;100455;565.600000000;10;9691802024;B
20240222;100455;565.700000000;43;9691802025;B
20240222;100455;565.700000000;147;9691802026;B
20240222;100455;565.700000000;1;9691802027;S
20240222;100455;565.750000000;1;9691802050;B
20240222;100455;565.750000000;3;9691802051;B
20240222;100455;565.750000000;1;9691802052;B
20240222;100456;565.750000000;11;9691802097;B
20240222;100456;565.750000000;1;9691802098;B
20240222;100456;565.700000000;10;9691802260;S
20240222;100456;565.750000000;1;9691802287;B
20240222;100457;565.750000000;100;9691802361;B
20240222;100457;565.700000000;1;9691802382;S
20240222;100457;565.700000000;45;9691802500;S
20240222;100458;565.750000000;27;9691802573;B
20240222;100458;565.750000000;111;9691802574;B
20240222;100458;565.700000000;35;9691802681;S
20240222;100458;565.700000000;77;9691802682;S
20240222;100458;565.600000000;1;9691802691;S
20240222;100458;565.600000000;1;9691802772;S
20240222;100459;565.600000000;180;9691802828;S
20240222;100459;565.600000000;1;9691802830;S
20240222;100459;565.650000000;5;9691802934;B
20240222;100501;565.650000000;1;9691803246;B
20240222;100501;565.650000000;1;9691803340;B
20240222;100501;565.650000000;1;9691803363;B
20240222;100501;565.650000000;1;9691803421;B
20240222;100502;565.650000000;1;9691803567;B
20240222;100503;565.600000000;145;9691803709;S
20240222;100503;565.650000000;5;9691803731;B
20240222;100503;565.650000000;2;9691803925;B
20240222;100504;565.700000000;3;9691804127;B
20240222;100506;565.700000000;1;9691804418;B
20240222;100507;565.700000000;1;9691804638;B
20240222;100507;565.700000000;12;9691804699;B
20240222;100507;565.700000000;183;9691804791;B
20240222;100507;565.700000000;17;9691804792;B
20240222;100507;565.650000000;2;9691804800;S
20240222;100507;565.600000000;8;9691804801;S
20240222;100507;565.600000000;7;9691804802;S
20240222;100508;565.600000000;4;9691805158;B
20240222;100508;565.600000000;1;9691805181;B
20240222;100508;565.600000000;2;9691805199;B
20240222;100509;565.600000000;1;9691805214;B
20240222;100509;565.550000000;4;9691805371;S
20240222;100509;565.600000000;4;9691805467;B
20240222;100511;565.600000000;2;9691805833;B
20240222;100511;565.600000000;2;9691805866;B
20240222;100512;565.600000000;36;9691806041;B
20240222;100513;565.600000000;100;9691806150;B
20240222;100513;565.600000000;1;9691806210;B
20240222;100513;565.600000000;2;9691806254;B
20240222;100513;565.600000000;1;9691806323;B
20240222;100514;565.600000000;3;9691806396;B
20240222;100514;565.600000000;1;9691806444;B
20240222;100514;565.600000000;1;9691806523;B
20240222;100515;565.600000000;32;9691806657;B
20240222;100515;565.600000000;18;9691806658;B
20240222;100515;565.550000000;2;9691806680;S
20240222;100516;565.550000000;1;9691806692;S
20240222;100516;565.550000000;1;9691806693;S
20240222;100516;565.500000000;1;9691806694;S
20240222;100516;565.400000000;29;9691806696;S
20240222;100516;565.400000000;10;9691806705;B
20240222;100516;565.350000000;1;9691806876;S
20240222;100516;565.350000000;150;9691806877;S
20240222;100516;565.300000000;5;9691806878;S
20240222;100516;565.250000000;44;9691806879;S
20240222;100516;565.250000000;56;9691806880;S
20240222;100516;565.100000000;1;9691806882;S
20240222;100516;565.100000000;12;9691806883;S
20240222;100516;565.000000000;1;9691806885;S
20240222;100516;565.000000000;3;9691806886;S
20240222;100516;565.000000000;1;9691806887;S
20240222;100516;565.000000000;1;9691806888;S
20240222;100516;565.000000000;50;9691806889;S
20240222;100516;565.000000000;136;9691806890;S
20240222;100516;565.050000000;30;9691806891;S
20240222;100516;565.000000000;270;9691806892;S
20240222;100516;565.000000000;5;9691806894;B
20240222;100516;565.000000000;1;9691806896;B
20240222;100516;565.000000000;1;9691806900;B
20240222;100517;565.000000000;12;9691806979;B
20240222;100517;565.000000000;1;9691806980;B
20240222;100517;564.850000000;1;9691806981;S
20240222;100517;564.850000000;2;9691806982;S
20240222;100517;564.850000000;84;9691806983;S
20240222;100517;564.900000000;29;9691806984;S
20240222;100517;564.850000000;53;9691806985;S
20240222;100517;564.750000000;30;9691807032;B
20240222;100518;564.650000000;141;9691807129;S
20240222;100518;564.650000000;22;9691807130;S
20240222;100518;564.650000000;3;9691807247;S
20240222;100520;565.000000000;2;9691807594;B
20240222;100520;565.000000000;29;9691807595;B
20240222;100520;565.000000000;1;9691807596;B
20240222;100520;564.950000000;5;9691807728;B
20240222;100521;564.950000000;2;9691807823;B
20240222;100522;564.700000000;27;9691808080;S
20240222;100522;564.950000000;20;9691808203;B
20240222;100523;564.950000000;1;9691808251;B
20240222;100523;564.950000000;1;9691808375;B
20240222;100525;564.900000000;10;9691808766;B
20240222;100526;564.700000000;10;9691808844;S
20240222;100526;564.900000000;1;9691808864;B
20240222;100526;564.900000000;2;9691808989;B
20240222;100527;564.900000000;1;9691809036;B
20240222;100527;564.700000000;131;9691809088;S
20240222;100527;564.700000000;200;9691809089;S
20240222;100527;564.700000000;442;9691809090;S
20240222;100527;564.650000000;138;9691809091;S
20240222;100527;564.600000000;30;9691809092;S
20240222;100527;564.600000000;59;9691809093;S
20240222;100527;564.600000000;82;9691809094;S
20240222;100527;564.600000000;18;9691809095;S
20240222;100528;564.600000000;141;9691809193;S
20240222;100528;564.600000000;24;9691809295;B
20240222;100529;564.600000000;1;9691809371;B
20240222;100529;564.600000000;1;9691809382;B
20240222;100529;564.600000000;1;9691809396;B
20240222;100529;564.600000000;5;9691809458;B
20240222;100529;564.600000000;1;9691809498;B
20240222;100530;564.600000000;1;9691809686;B
20240222;100530;564.600000000;3;9691809760;B
20240222;100531;564.600000000;36;9691809947;B
20240222;100531;564.600000000;2;9691809949;B
20240222;100531;564.600000000;1;9691809980;B
20240222;100531;564.600000000;10;9691809981;B
20240222;100532;564.550000000;1;9691810075;S
20240222;100533;564.600000000;30;9691810291;B
20240222;100533;564.600000000;1;9691810340;B
20240222;100534;564.550000000;1;9691810525;S
20240222;100534;564.550000000;7;9691810529;S
20240222;100535;564.550000000;1;9691810797;S
20240222;100536;564.550000000;3;9691810932;S
20240222;100536;564.550000000;1;9691810952;S
20240222;100536;564.600000000;1;9691810955;B
20240222;100536;564.550000000;80;9691810996;S
20240222;100536;564.600000000;1;9691811005;B
20240222;100536;564.600000000;40;9691811075;B
20240222;100536;564.600000000;300;9691811076;B
20240222;100536;564.600000000;10;9691811077;B
20240222;100537;564.600000000;1;9691811138;B
20240222;100537;564.550000000;2;9691811219;S
20240222;100538;564.600000000;1;9691811411;B
20240222;100538;564.600000000;5;9691811416;B
20240222;100538;564.550000000;10;9691811473;S
20240222;100538;564.600000000;10;9691811537;B
20240222;100538;564.600000000;30;9691811561;B
20240222;100539;564.600000000;2;9691811569;B
20240222;100539;564.600000000;2;9691811634;B
20240222;100539;564.550000000;1;9691811728;S
20240222;100539;564.600000000;38;9691811775;B
20240222;100541;564.600000000;2;9691812072;B
20240222;100542;564.600000000;175;9691812143;B
20240222;100542;564.600000000;1;9691812284;B
20240222;100542;564.600000000;2;9691812303;B
20240222;100542;564.600000000;4;9691812322;B
20240222;100542;564.600000000;2;9691812327;B
20240222;100543;564.550000000;1;9691812343;S
20240222;100543;564.600000000;353;9691812678;B
20240222;100543;564.600000000;2;9691812738;B
20240222;100543;564.600000000;2;9691812739;B
20240222;100544;564.550000000;20;9691812779;S
20240222;100544;564.500000000;16;9691813138;S
20240222;100544;564.500000000;72;9691813139;S
20240222;100544;564.500000000;112;9691813140;S
20240222;100544;564.450000000;3;9691813146;S
20240222;100544;564.450000000;6;9691813147;S
20240222;100544;564.450000000;16;9691813148;S
20240222;100544;564.450000000;50;9691813149;S
20240222;100544;564.400000000;1;9691813204;S
20240222;100544;564.350000000;1;9691813232;S
20240222;100544;564.350000000;11;9691813233;S
20240222;100544;564.350000000;3;9691813234;S
20240222;100544;564.300000000;5;9691813878;S
20240222;100544;564.300000000;5;9691813879;S
20240222;100544;564.300000000;1;9691813880;S
20240222;100544;564.300000000;156;9691813881;S
20240222;100544;564.300000000;1;9691813956;S
20240222;100544;564.300000000;1;9691813987;S
20240222;100545;564.350000000;4;9691814387;B
20240222;100545;564.300000000;3;9691814466;S
20240222;100545;564.300000000;13;9691814476;B
20240222;100545;564.250000000;1;9691814489;S
20240222;100545;564.250000000;13;9691814490;S
20240222;100545;564.250000000;1;9691814500;S
20240222;100545;564.250000000;99;9691814501;S
20240222;100545;564.250000000;1;9691814505;S
20240222;100545;564.300000000;4;9691814689;S
20240222;100545;564.300000000;200;9691814690;S
20240222;100545;564.250000000;296;9691814691;S
20240222;100545;564.250000000;17;9691814850;S
20240222;100545;564.350000000;2;9691814980;B
20240222;100545;564.250000000;2;9691814994;S
20240222;100546;564.350000000;6;9691815304;B
20240222;100546;564.350000000;21;9691815305;B
20240222;100546;564.250000000;85;9691815338;S
20240222;100546;564.200000000;1;9691815340;S
20240222;100546;564.200000000;2;9691815341;S
20240222;100546;564.250000000;1;9691815728;B
20240222;100547;564.250000000;20;9691815908;B
20240222;100547;564.250000000;26;9691816067;B
20240222;100547;564.250000000;26;9691816347;B
20240222;100548;564.200000000;1;9691816487;S
20240222;100548;564.250000000;66;9691816549;B
20240222;100548;564.250000000;41;9691816634;B
20240222;100548;564.200000000;1;9691816646;S
20240222;100548;564.200000000;1;9691816684;S
20240222;100548;564.250000000;5;9691816691;B
20240222;100548;564.250000000;30;9691816736;B
20240222;100548;564.250000000;10;9691816737;B
20240222;100548;564.300000000;26;9691816738;B
20240222;100549;564.350000000;1;9691816961;B
20240222;100550;564.200000000;26;9691817138;S
20240222;100550;564.150000000;10;9691817140;S
20240222;100550;564.150000000;5;9691817141;S
20240222;100550;564.150000000;5;9691817142;S
20240222;100550;564.100000000;4;9691817143;S
20240222;100550;564.100000000;4;9691817144;S
20240222;100550;564.100000000;1;9691817145;S
20240222;100552;564.150000000;1;9691817349;B
20240222;100552;564.100000000;4;9691817370;S
20240222;100552;564.150000000;32;9691817467;B
20240222;100552;564.150000000;5;9691817560;B
20240222;100553;564.150000000;1;9691817670;B
20240222;100555;564.150000000;40;9691817991;B
20240222;100555;564.150000000;3;9691818061;B
20240222;100555;564.150000000;10;9691818084;B
20240222;100555;564.150000000;2;9691818124;B
20240222;100555;564.100000000;200;9691818286;S
20240222;100556;564.000000000;21;9691818292;S
20240222;100556;564.000000000;1;9691818293;S
20240222;100556;564.000000000;1;9691818294;S
20240222;100556;564.000000000;1;9691818295;S
20240222;100556;564.000000000;20;9691818296;S
20240222;100556;564.000000000;1;9691818297;S
20240222;100556;564.000000000;2;9691818298;S
20240222;100556;564.000000000;5;9691818299;S
20240222;100556;564.000000000;5;9691818300;S
20240222;100556;564.000000000;1;9691818301;S
20240222;100556;564.000000000;21;9691818302;S
20240222;100556;564.000000000;4;9691818303;S
20240222;100556;564.000000000;3;9691818304;S
20240222;100556;564.000000000;1;9691818305;S
20240222;100556;564.000000000;1;9691818306;S
20240222;100556;564.000000000;20;9691818307;S
20240222;100556;564.000000000;10;9691818308;S
20240222;100556;564.000000000;68;9691818309;S
20240222;100556;564.150000000;5;9691818333;B
20240222;100556;564.150000000;35;9691818382;B
20240222;100556;564.150000000;4;9691818383;B
20240222;100557;564.150000000;1;9691818634;B
20240222;100557;564.150000000;3;9691818667;B
20240222;100557;564.150000000;1;9691818672;B
20240222;100557;564.150000000;1;9691818717;B
20240222;100557;564.150000000;2;9691818730;B
20240222;100557;564.150000000;1;9691818734;B
20240222;100559;564.200000000;1;9691818949;B
20240222;100559;564.200000000;1;9691818986;B
20240222;100601;564.150000000;1;9691819303;S
20240222;100601;564.150000000;10;9691819304;S
20240222;100601;564.150000000;5;9691819424;B
20240222;100602;564.100000000;1;9691819585;S
20240222;100602;564.150000000;1;9691819597;B
20240222;100602;564.150000000;1;9691819754;B
20240222;100603;564.100000000;1;9691819887;S
20240222;100603;564.100000000;1;9691819900;S
20240222;100603;564.150000000;1;9691819918;B
20240222;100603;564.150000000;3;9691819919;B
20240222;100603;564.150000000;178;9691819920;B
20240222;100603;564.150000000;81;9691819921;B
20240222;100604;564.150000000;1;9691820004;B
20240222;100604;564.150000000;18;9691820120;B
20240222;100604;564.150000000;2;9691820121;B
20240222;100604;564.150000000;3;9691820145;B
20240222;100605;564.100000000;103;9691820223;S
20240222;100608;564.150000000;1;9691820630;B
20240222;100608;564.150000000;3;9691820680;B
20240222;100608;564.100000000;1;9691820739;S
20240222;100608;564.150000000;1;9691820740;B
20240222;100609;564.150000000;3;9691820853;B
20240222;100610;564.150000000;69;9691820865;B
20240222;100610;564.100000000;2;9691820924;S
20240222;100611;564.150000000;1;9691821083;B
20240222;100611;564.150000000;10;9691821092;B
20240222;100612;564.150000000;1;9691821180;B
20240222;100613;564.150000000;7;9691821368;B
20240222;100613;564.150000000;1;9691821500;B
20240222;100613;564.150000000;2;9691821529;B
20240222;100613;564.100000000;2;9691821565;S
20240222;100613;564.150000000;1;9691821635;B
20240222;100614;564.150000000;3;9691821766;B
20240222;100614;564.150000000;2;9691821856;S
20240222;100614;564.100000000;18;9691821857;S
20240222;100615;564.200000000;26;9691822138;B
20240222;100617;564.150000000;8;9691822942;S
20240222;100617;564.150000000;200;9691822943;S
20240222;100617;564.150000000;1;9691822944;S
20240222;100617;564.150000000;29;9691822945;S
20240222;100617;564.100000000;62;9691822946;S
20240222;100618;564.200000000;69;9691823105;B
20240222;100618;564.200000000;13;9691823155;B
20240222;100618;564.150000000;18;9691823196;S
20240222;100618;564.200000000;1;9691823204;B
20240222;100619;564.200000000;5;9691823234;B
20240222;100619;564.200000000;1;9691823311;B
20240222;100619;564.200000000;1;9691823389;B
20240222;100620;564.150000000;2;9691823509;S
20240222;100620;564.200000000;20;9691823548;B
20240222;100620;564.200000000;2;9691823619;B
20240222;100621;564.200000000;10;9691823680;B
20240222;100621;564.200000000;1;9691823741;B
20240222;100621;564.150000000;2;9691823777;S
20240222;100622;564.200000000;4;9691823827;B
20240222;100622;564.200000000;2;9691823840;B
20240222;100622;564.200000000;27;9691823902;B
20240222;100622;564.200000000;2;9691823927;B
20240222;100622;564.150000000;1;9691823957;S
20240222;100622;564.150000000;4;9691823958;S
20240222;100622;564.200000000;79;9691824052;B
20240222;100623;564.200000000;9;9691824252;B
20240222;100623;564.250000000;29;9691824253;B
20240222;100623;564.400000000;28;9691824254;B
20240222;100623;564.500000000;39;9691824255;B
20240222;100624;564.600000000;14;9691824720;B
20240222;100625;564.450000000;10;9691825078;S
20240222;100625;564.700000000;6;9691825245;B
20240222;100626;564.700000000;1;9691825327;B
20240222;100626;564.500000000;2;9691825369;S
20240222;100626;564.700000000;1;9691825378;B
20240222;100627;564.700000000;2;9691825544;B
20240222;100627;564.750000000;1;9691825560;B
20240222;100629;564.750000000;1;9691825914;B
20240222;100629;564.750000000;1;9691826006;B
20240222;100631;564.750000000;6;9691826294;B
20240222;100632;564.600000000;3;9691826537;S
20240222;100633;564.750000000;1;9691826685;B
20240222;100633;564.750000000;6;9691826788;B
20240222;100633;564.750000000;11;9691826789;B
20240222;100636;564.800000000;1;9691827324;B
20240222;100637;564.800000000;6;9691827572;B
20240222;100637;564.800000000;4;9691827633;B
20240222;100637;564.800000000;3;9691827634;B
20240222;100637;564.850000000;13;9691827635;B
20240222;100638;564.900000000;5;9691827743;B
20240222;100638;564.900000000;20;9691827748;B
20240222;100640;564.850000000;2;9691828161;B
20240222;100641;564.850000000;1;9691828327;B
20240222;100641;564.850000000;1;9691828328;B
20240222;100641;564.850000000;1;9691828387;B
20240222;100641;564.850000000;3;9691828433;B
20240222;100643;564.850000000;2;9691828699;B
20240222;100643;564.850000000;1;9691828791;B
20240222;100644;564.850000000;1;9691828828;B
20240222;100644;564.800000000;1;9691829010;S
20240222;100645;564.850000000;433;9691829060;B
20240222;100645;564.850000000;37;9691829061;B
20240222;100645;564.900000000;3;9691829177;B
20240222;100645;564.900000000;50;9691829178;B
20240222;100646;564.900000000;20;9691829310;B
20240222;100646;564.900000000;442;9691829311;B
20240222;100646;564.950000000;191;9691829312;B
20240222;100646;565.000000000;347;9691829313;B
20240222;100647;564.900000000;10;9691829497;S
20240222;100647;564.900000000;20;9691829517;S
20240222;100647;564.900000000;8;9691829553;S
20240222;100647;564.850000000;4;9691829589;S
20240222;100647;564.850000000;18;9691829650;S
20240222;100647;564.900000000;26;9691829758;B
20240222;100648;564.900000000;2;9691829803;B
20240222;100648;564.900000000;1;9691829916;B
20240222;100649;564.850000000;1;9691829939;S
20240222;100649;564.900000000;4;9691829982;B
20240222;100649;564.850000000;757;9691829992;S
20240222;100649;564.850000000;530;9691829993;S
20240222;100649;564.850000000;200;9691829994;S
20240222;100649;564.800000000;99;9691829995;S
20240222;100649;564.800000000;30;9691829996;S
20240222;100649;564.750000000;149;9691829997;S
20240222;100649;564.750000000;76;9691829998;S
20240222;100649;564.750000000;20;9691829999;S
20240222;100649;564.750000000;171;9691830000;S
20240222;100649;564.700000000;2;9691830001;S
20240222;100649;564.700000000;26;9691830002;S
20240222;100649;564.600000000;1;9691830003;S
20240222;100649;564.600000000;2;9691830023;S
20240222;100649;564.600000000;2;9691830024;S
20240222;100649;564.650000000;25;9691830047;B
20240222;100650;564.500000000;29;9691830069;S
20240222;100650;564.450000000;10;9691830094;S
20240222;100650;564.400000000;12;9691830102;B
20240222;100650;564.400000000;5;9691830146;B
20240222;100650;564.400000000;2;9691830208;B
20240222;100651;564.350000000;10;9691830283;S
20240222;100651;564.350000000;2;9691830345;B
20240222;100651;564.300000000;2;9691830534;S
20240222;100651;564.300000000;1;9691830535;S
20240222;100651;564.300000000;40;9691830536;S
20240222;100652;564.300000000;59;9691830551;S
20240222;100652;564.450000000;38;9691830632;B
20240222;100652;564.450000000;29;9691830633;B
20240222;100652;564.450000000;133;9691830634;B
20240222;100652;564.450000000;1;9691830642;B
20240222;100652;564.550000000;1;9691830715;B
20240222;100654;564.450000000;1;9691830966;B
20240222;100656;564.450000000;2;9691831563;B
20240222;100656;564.450000000;1;9691831564;B
20240222;100659;564.600000000;2;9691832239;B
20240222;100700;564.650000000;31;9691832386;B
20240222;100701;564.650000000;4;9691832595;B
20240222;100702;564.600000000;1;9691832802;B
20240222;100702;564.450000000;5;9691832828;S
20240222;100703;564.500000000;20;9691833122;B
20240222;100704;564.500000000;4;9691833298;B
20240222;100704;564.500000000;1;9691833318;B
20240222;100706;564.500000000;1;9691833537;B
20240222;100706;564.450000000;2;9691833656;S
20240222;100707;564.400000000;3;9691833886;S
20240222;100707;564.450000000;1;9691833916;B
20240222;100707;564.400000000;1;9691833917;S
20240222;100708;564.400000000;37;9691833947;S
20240222;100708;564.400000000;2;9691833948;S
20240222;100708;564.450000000;2;9691834081;B
20240222;100710;564.450000000;22;9691834413;B
20240222;100710;564.450000000;1;9691834470;B
20240222;100710;564.450000000;1;9691834525;B
20240222;100712;564.450000000;1;9691834930;B
20240222;100712;564.450000000;1;9691834940;B
20240222;100712;564.400000000;4;9691835039;S
20240222;100714;564.400000000;10;9691835273;S
20240222;100714;564.450000000;50;9691835275;B
20240222;100714;564.450000000;1;9691835502;B
20240222;100715;564.450000000;2;9691835556;B
20240222;100715;564.450000000;1;9691835736;B
20240222;100715;564.450000000;1;9691835737;B
20240222;100716;564.400000000;5;9691835813;S
20240222;100717;564.450000000;4;9691836107;B
20240222;100717;564.450000000;1;9691836144;B
20240222;100718;564.450000000;1;9691836171;B
20240222;100718;564.450000000;1;9691836206;B
20240222;100718;564.450000000;5;9691836296;B
20240222;100718;564.450000000;83;9691836297;B
20240222;100718;564.450000000;198;9691836298;B
20240222;100718;564.500000000;37;9691836299;B
20240222;100718;564.550000000;37;9691836302;S
20240222;100719;564.550000000;106;9691836531;B
20240222;100719;564.550000000;57;9691836532;B
20240222;100719;564.600000000;15;9691836588;B
20240222;100719;564.650000000;123;9691836589;B
20240222;100719;564.650000000;40;9691836657;B
20240222;100719;564.650000000;21;9691836713;B
20240222;100719;564.750000000;50;9691836822;B
20240222;100721;564.750000000;10;9691837071;B
20240222;100721;564.750000000;13;9691837152;B
20240222;100721;564.750000000;68;9691837201;B
20240222;100721;564.750000000;32;9691837202;B
20240222;100722;564.750000000;1;9691837256;B
20240222;100722;564.750000000;13;9691837272;B
20240222;100723;564.750000000;25;9691837466;B
20240222;100724;564.750000000;4;9691837693;B
20240222;100724;564.750000000;3;9691837744;B
20240222;100724;564.750000000;1;9691837772;B
20240222;100725;564.800000000;2;9691837947;B
20240222;100727;564.800000000;4;9691838255;B
20240222;100731;564.750000000;9;9691838782;B
20240222;100731;564.800000000;1;9691838904;B
20240222;100731;564.800000000;1;9691838932;B
20240222;100732;564.800000000;1;9691839056;B
20240222;100733;564.750000000;4;9691839195;B
20240222;100733;564.800000000;32;9691839196;B
20240222;100735;564.750000000;7;9691839510;B
20240222;100735;564.700000000;47;9691839585;S
20240222;100736;564.750000000;5;9691839738;B
20240222;100736;564.750000000;1;9691839876;B
20240222;100736;564.750000000;2;9691839886;B
20240222;100738;564.700000000;1;9691840245;S
20240222;100738;564.700000000;7;9691840246;S
20240222;100738;564.700000000;1;9691840292;B
20240222;100740;564.550000000;144;9691840692;S
20240222;100740;564.550000000;1;9691840770;B
20240222;100741;564.550000000;5;9691840834;B
20240222;100741;564.550000000;1;9691840863;B
20240222;100741;564.500000000;6;9691840886;S
20240222;100742;564.500000000;150;9691841074;S
20240222;100742;564.550000000;1;9691841154;B
20240222;100743;564.500000000;19;9691841294;S
20240222;100744;564.550000000;15;9691841357;B
20240222;100745;564.500000000;42;9691841514;S
20240222;100745;564.550000000;3;9691841540;B
20240222;100745;564.550000000;1;9691841546;B
20240222;100745;564.550000000;141;9691841593;B
20240222;100745;564.550000000;2;9691841639;B
20240222;100745;564.550000000;2;9691841691;B
20240222;100746;564.550000000;1;9691841730;B
20240222;100747;564.550000000;1;9691841948;B
20240222;100747;564.550000000;2;9691842114;B
20240222;100749;564.500000000;100;9691842351;S
20240222;100749;564.500000000;23;9691842353;S
20240222;100749;564.500000000;150;9691842367;S
20240222;100750;564.550000000;2;9691842590;B
20240222;100750;564.500000000;1;9691842591;S
20240222;100751;564.550000000;1;9691842718;B
20240222;100752;564.550000000;2;9691842873;B
20240222;100752;564.550000000;35;9691842882;B
20240222;100753;564.500000000;10;9691842945;S
20240222;100754;564.550000000;10;9691843043;B
20240222;100754;564.550000000;2;9691843237;B
20240222;100754;564.550000000;3;9691843249;B
20240222;100754;564.500000000;181;9691843255;S
20240222;100754;564.500000000;10;9691843256;S
20240222;100754;564.500000000;2;9691843257;S
20240222;100754;564.500000000;710;9691843258;S
20240222;100754;564.450000000;6;9691843259;S
20240222;100754;564.450000000;1;9691843260;S
20240222;100754;564.450000000;38;9691843261;S
20240222;100754;564.450000000;200;9691843262;S
20240222;100754;564.400000000;29;9691843263;S
20240222;100754;564.350000000;3;9691843264;S
20240222;100754;564.350000000;1500;9691843265;S
20240222;100754;564.350000000;1;9691843266;S
20240222;100754;564.250000000;50;9691843267;S
20240222;100754;564.250000000;500;9691843268;S
20240222;100754;564.200000000;2;9691843269;S
20240222;100754;564.200000000;54;9691843270;S
20240222;100754;564.150000000;4;9691843271;S
20240222;100754;564.150000000;3;9691843272;S
20240222;100754;564.150000000;50;9691843273;S
20240222;100754;564.100000000;1;9691843274;S
20240222;100754;564.100000000;4;9691843275;S
20240222;100754;564.100000000;1;9691843276;S
20240222;100754;564.100000000;5;9691843277;S
20240222;100754;564.100000000;1068;9691843278;S
20240222;100754;564.050000000;97;9691843279;S
20240222;100754;564.050000000;69;9691843280;S
20240222;100754;564.250000000;39;9691843282;B
20240222;100754;564.300000000;48;9691843283;B
20240222;100754;564.050000000;300;9691843285;S
20240222;100754;564.050000000;34;9691843286;S
20240222;100754;564.000000000;32;9691843307;S
20240222;100754;564.000000000;2;9691843308;S
20240222;100754;564.000000000;3;9691843309;S
20240222;100755;564.000000000;3;9691843351;S
20240222;100755;564.000000000;5;9691843352;S
20240222;100755;564.000000000;1;9691843353;S
20240222;100755;564.000000000;1;9691843354;S
20240222;100755;564.000000000;2;9691843355;S
20240222;100755;564.000000000;1;9691843356;S
20240222;100755;564.000000000;1;9691843357;S
20240222;100755;564.000000000;86;9691843358;S
20240222;100755;564.050000000;10;9691843440;B
20240222;100755;564.000000000;114;9691843448;S
20240222;100755;564.000000000;1;9691843449;S
20240222;100755;564.000000000;1;9691843450;S
20240222;100755;564.000000000;1;9691843451;S
20240222;100755;564.000000000;1;9691843452;S
20240222;100755;564.000000000;1;9691843453;S
20240222;100755;564.000000000;3;9691843454;S
20240222;100755;564.000000000;5;9691843455;S
20240222;100755;564.000000000;1;9691843456;S
20240222;100755;564.000000000;1;9691843457;S
20240222;100755;564.000000000;71;9691843458;S
20240222;100755;564.050000000;2;9691843523;B
20240222;100755;564.050000000;1;9691843549;B
20240222;100756;564.050000000;1;9691843619;B
20240222;100756;564.050000000;10;9691843620;B
20240222;100756;564.050000000;4;9691843623;B
20240222;100756;564.050000000;10;9691843908;B
20240222;100758;564.000000000;1;9691844234;S
20240222;100759;564.050000000;10;9691844358;B
20240222;100759;564.050000000;1;9691844393;B
20240222;100800;564.050000000;2;9691844656;B
20240222;100802;564.000000000;3;9691844918;S
20240222;100802;564.000000000;25;9691844970;S
20240222;100802;564.000000000;1;9691844971;S
20240222;100802;564.000000000;10;9691844972;S
20240222;100802;564.000000000;1;9691844973;S
20240222;100802;564.000000000;250;9691844974;S
20240222;100802;563.950000000;2;9691844975;S
20240222;100802;563.950000000;3;9691844976;S
20240222;100802;563.950000000;100;9691844977;S
20240222;100802;563.900000000;3;9691844978;S
20240222;100803;563.900000000;110;9691845011;S
20240222;100803;563.900000000;80;9691845155;S
20240222;100804;563.950000000;2;9691845185;B
20240222;100804;563.950000000;1;9691845292;B
20240222;100804;563.900000000;110;9691845342;S
20240222;100804;563.900000000;1;9691845343;S
20240222;100804;563.900000000;3;9691845344;S
20240222;100804;563.900000000;1;9691845345;S
20240222;100804;563.900000000;1;9691845346;S
20240222;100804;563.850000000;14;9691845347;S
20240222;100804;563.850000000;10;9691845348;S
20240222;100804;563.850000000;20;9691845349;S
20240222;100804;563.850000000;12;9691845350;S
20240222;100804;563.850000000;1;9691845351;S
20240222;100804;563.850000000;1;9691845352;S
20240222;100804;563.850000000;16;9691845353;S
20240222;100804;563.850000000;2;9691845354;S
20240222;100804;563.850000000;22;9691845355;S
20240222;100804;563.800000000;1;9691845356;S
20240222;100804;563.800000000;6;9691845357;S
20240222;100804;563.850000000;5;9691845383;B
20240222;100805;563.800000000;7;9691845416;S
20240222;100805;563.800000000;20;9691845417;S
20240222;100805;563.800000000;1;9691845418;S
20240222;100805;563.800000000;145;9691845419;S
20240222;100805;563.800000000;13;9691845420;S
20240222;100805;563.850000000;14;9691845609;B
20240222;100805;563.850000000;1;9691845633;B
20240222;100806;563.850000000;4;9691845740;B
20240222;100808;563.850000000;4;9691846268;B
20240222;100808;563.850000000;35;9691846294;B
20240222;100809;563.850000000;3;9691846343;B
20240222;100809;563.800000000;5;9691846344;S
20240222;100809;563.800000000;27;9691846353;S
20240222;100809;563.800000000;2;9691846405;S
20240222;100809;563.850000000;2;9691846461;B
20240222;100810;563.850000000;10;9691846492;B
20240222;100810;563.800000000;3;9691846574;S
20240222;100811;563.850000000;10;9691846638;B
20240222;100811;563.850000000;1;9691846709;B
20240222;100811;563.850000000;4;9691846719;B
20240222;100812;563.800000000;300;9691846815;S
20240222;100812;563.800000000;300;9691846816;S
20240222;100812;563.800000000;300;9691846817;S
20240222;100812;563.800000000;300;9691846819;S
20240222;100812;563.800000000;300;9691846820;S
20240222;100812;563.800000000;300;9691846821;S
20240222;100812;563.800000000;300;9691846825;S
20240222;100812;563.800000000;300;9691846826;S
20240222;100814;563.850000000;1;9691847146;B
20240222;100814;563.800000000;50;9691847147;S
20240222;100814;563.850000000;1;9691847209;B
20240222;100814;563.850000000;10;9691847227;B
20240222;100814;563.800000000;50;9691847247;S
20240222;100815;563.850000000;22;9691847439;B
20240222;100815;563.850000000;1;9691847447;B
20240222;100816;563.850000000;4;9691847455;B
20240222;100816;563.800000000;50;9691847516;S
20240222;100816;563.850000000;1;9691847566;B
20240222;100817;563.850000000;1;9691847690;B
20240222;100819;563.850000000;1;9691847983;B
20240222;100820;563.800000000;30;9691848207;S
20240222;100821;563.850000000;197;9691848307;B
20240222;100821;563.800000000;30;9691848359;S
20240222;100822;563.850000000;1;9691848412;B
20240222;100823;563.800000000;2000;9691848635;S
20240222;100823;563.800000000;195;9691848639;S
20240222;100823;563.800000000;50;9691848640;S
20240222;100823;563.800000000;4;9691848641;S
20240222;100823;563.800000000;4;9691848642;S
20240222;100823;563.750000000;3;9691848643;S
20240222;100823;563.750000000;3;9691848646;S
20240222;100823;563.750000000;15;9691848647;S
20240222;100824;563.800000000;20;9691848667;B
20240222;100824;563.800000000;13;9691848895;B
20240222;100824;563.750000000;4;9691848916;S
20240222;100825;563.750000000;3;9691849037;S
20240222;100825;563.800000000;1;9691849100;B
20240222;100826;563.800000000;12;9691849239;B
20240222;100826;563.750000000;30;9691849271;S
20240222;100826;563.750000000;48;9691849351;S
20240222;100826;563.700000000;52;9691849352;S
20240222;100826;563.700000000;5;9691849353;S
20240222;100826;563.700000000;274;9691849354;S
20240222;100827;563.700000000;1;9691849370;S
20240222;100827;563.750000000;5;9691849419;B
20240222;100827;563.750000000;20;9691849458;B
20240222;100828;563.700000000;300;9691849648;S
20240222;100828;563.700000000;250;9691849676;S
20240222;100829;563.750000000;4;9691849686;B
20240222;100829;563.750000000;1;9691849703;B
20240222;100829;563.700000000;378;9691849752;S
20240222;100829;563.750000000;88;9691849769;B
20240222;100829;563.700000000;15;9691849776;S
20240222;100829;563.750000000;4;9691849783;B
20240222;100830;563.750000000;19;9691849921;B
20240222;100830;563.750000000;14;9691849922;B
20240222;100830;563.800000000;2;9691849923;B
20240222;100830;563.750000000;4;9691849975;B
20240222;100831;563.750000000;2;9691850001;B
20240222;100831;563.700000000;150;9691850015;S
20240222;100831;563.750000000;1;9691850062;B
20240222;100831;563.750000000;90;9691850064;B
20240222;100831;563.800000000;1;9691850080;B
20240222;100833;563.750000000;1;9691850553;B
20240222;100834;563.750000000;2;9691850740;B
20240222;100835;563.750000000;1;9691850863;B
20240222;100835;563.750000000;1;9691850919;B
20240222;100835;563.750000000;5;9691850962;B
20240222;100837;563.750000000;3;9691851264;B
20240222;100838;563.750000000;5;9691851525;B
20240222;100839;563.750000000;5;9691851632;B
20240222;100840;563.750000000;1;9691851960;B
20240222;100841;563.750000000;1;9691851970;B
20240222;100841;563.750000000;1;9691852005;B
20240222;100841;563.750000000;9;9691852064;B
20240222;100841;563.900000000;28;9691852065;B
20240222;100843;563.850000000;1;9691852348;B
20240222;100843;563.750000000;1;9691852429;S
20240222;100843;563.750000000;15;9691852430;S
20240222;100844;563.750000000;1;9691852464;B
20240222;100844;563.750000000;1;9691852539;B
20240222;100844;563.750000000;1;9691852553;B
20240222;100845;563.750000000;1;9691852666;B
20240222;100845;563.700000000;69;9691852957;S
20240222;100846;563.750000000;1;9691853037;B
20240222;100846;563.750000000;3;9691853082;B
20240222;100847;563.750000000;1;9691853182;B
20240222;100847;563.750000000;1;9691853254;B
20240222;100847;563.700000000;3;9691853355;S
20240222;100848;563.750000000;3;9691853486;B
20240222;100848;563.700000000;1;9691853503;S
20240222;100849;563.700000000;1;9691853533;S
20240222;100849;563.750000000;1;9691853581;B
20240222;100849;563.700000000;34;9691853606;S
20240222;100849;563.700000000;1;9691853627;S
20240222;100850;563.750000000;2;9691853713;B
20240222;100851;563.750000000;13;9691853843;B
20240222;100851;563.750000000;1;9691853880;B
20240222;100852;563.750000000;5;9691854086;B
20240222;100852;563.750000000;10;9691854370;B
20240222;100853;563.750000000;39;9691854409;B
20240222;100853;563.750000000;111;9691854410;B
20240222;100853;563.700000000;1;9691854411;S
20240222;100853;563.750000000;39;9691854680;B
20240222;100853;563.750000000;141;9691854681;B
20240222;100853;563.750000000;100;9691854686;S
20240222;100854;563.900000000;141;9691854894;B
20240222;100854;563.900000000;377;9691854895;B
20240222;100854;563.750000000;1;9691855017;S
20240222;100854;563.700000000;2;9691855018;S
20240222;100854;563.800000000;1;9691855022;B
20240222;100854;563.700000000;3;9691855029;S
20240222;100855;563.800000000;1;9691855090;B
20240222;100855;563.750000000;1;9691855108;S
20240222;100855;563.700000000;2;9691855109;S
20240222;100855;563.700000000;6;9691855111;S
20240222;100855;563.700000000;20;9691855112;S
20240222;100855;563.700000000;4;9691855113;S
20240222;100855;563.700000000;50;9691855114;S
20240222;100856;563.700000000;8;9691855233;B
20240222;100857;563.700000000;1;9691855391;B
20240222;100857;563.650000000;1;9691855434;S
20240222;100857;563.700000000;1;9691855516;B
20240222;100858;563.650000000;2;9691855531;S
20240222;100858;563.700000000;6;9691855567;B
20240222;100858;563.700000000;2;9691855609;B
20240222;100858;563.700000000;1;9691855713;B
20240222;100858;563.700000000;3;9691855720;B
20240222;100901;563.700000000;198;9691856049;B
20240222;100901;563.700000000;600;9691856050;B
20240222;100901;563.700000000;400;9691856053;B
20240222;100901;563.800000000;4;9691856060;B
20240222;100901;563.750000000;44;9691856148;S
20240222;100901;563.750000000;701;9691856161;B
20240222;100901;563.750000000;80;9691856162;B
20240222;100901;563.750000000;1;9691856176;B
20240222;100901;563.750000000;48;9691856184;B
20240222;100901;563.750000000;1;9691856203;B
20240222;100902;563.700000000;1;9691856275;S
20240222;100902;563.700000000;3;9691856278;S
20240222;100902;563.700000000;1;9691856345;S
20240222;100902;563.750000000;3;9691856353;B
20240222;100902;563.750000000;82;9691856441;B
20240222;100902;563.950000000;4;9691856442;B
20240222;100902;563.950000000;1;9691856443;B
20240222;100902;563.950000000;9;9691856444;B
20240222;100902;563.950000000;2;9691856445;B
20240222;100902;563.950000000;1;9691856451;B
20240222;100903;563.900000000;21;9691856483;B
20240222;100903;563.900000000;71;9691856484;B
20240222;100903;563.900000000;3;9691856486;B
20240222;100903;563.900000000;1;9691856487;B
20240222;100903;563.900000000;7;9691856536;B
20240222;100904;563.950000000;5;9691856669;B
20240222;100904;563.950000000;3;9691856670;B
20240222;100904;563.950000000;5;9691856671;B
20240222;100904;564.000000000;2;9691856783;B
20240222;100904;564.000000000;1;9691856784;B
20240222;100905;564.000000000;11;9691856818;B
20240222;100906;564.000000000;7;9691857020;B
20240222;100906;564.000000000;7;9691857021;B
20240222;100906;564.000000000;1;9691857022;B
