<DATE>;<TIME>;<LAST>;<VOL>;<ID>;<OPER>
20240401;095934;568;3;9991418704;S
20240401;095934;568;7;9991418705;S
20240401;095934;568;1;9991418706;S
20240401;095934;568;1;9991418707;B
20240401;095934;568;16;9991418708;B
20240401;095934;568;1;9991418709;B
20240401;095934;568;13;9991418710;B
20240401;095934;568;100;9991418711;B
20240401;095934;568;1;9991418712;B
20240401;095934;568;33;9991418713;B
20240401;095934;568;9;9991418714;B
20240401;095934;568;1;9991418715;B
20240401;095934;568;97;9991418716;B
20240401;095934;568;9;9991418717;B
20240401;095934;568;64;9991418718;B
20240401;095934;568;1;9991418719;S
20240401;095934;568;1;9991418720;S
20240401;095934;568;2;9991418721;S
20240401;095934;568;5;9991418722;S
20240401;095934;568;1;9991418723;S
20240401;095934;568;1;9991418724;S
20240401;095934;568;10;9991418725;S
20240401;095934;568;33;9991418726;S
20240401;095934;568;4;9991418727;S
20240401;095934;568;5;9991418728;S
20240401;095934;568;2;9991418729;S
20240401;095934;568;15;9991418730;B
20240401;095934;568;1;9991418731;B
20240401;095934;568;9;9991418732;B
20240401;095934;568;1;9991418733;B
20240401;095934;568;1;9991418734;B
20240401;095934;568;2;9991418735;B
20240401;095934;568;9;9991418736;B
20240401;095934;568;2;9991418737;B
20240401;095934;568;6;9991418738;S
20240401;095934;568;1;9991418739;B
20240401;095934;568;1;9991418740;B
20240401;095934;568;3;9991418741;B
20240401;095934;568;2;9991418742;B
20240401;095934;568;2;9991418743;B
20240401;095934;568;5;9991418744;B
20240401;095934;568;3;9991418745;B
20240401;095934;568;4;9991418746;B
20240401;095934;568;24;9991418747;B
20240401;095934;568;13;9991418748;B
20240401;095934;568;2;9991418749;B
20240401;095934;568;5;9991418750;B
20240401;095934;568;5;9991418751;B
20240401;095934;568;3;9991418752;B
20240401;095934;568;1;9991418753;B
20240401;095934;568;1;9991418754;B
20240401;095934;568;1;9991418755;B
20240401;095934;568;1;9991418756;B
20240401;095934;568;2;9991418757;B
20240401;095934;568;3;9991418758;B
20240401;095934;568;8;9991418759;S
20240401;095934;568;3;9991418760;B
20240401;095934;568;1;9991418761;B
20240401;095934;568;2;9991418762;B
20240401;095934;568;2;9991418763;B
20240401;095934;568;2;9991418764;B
20240401;095934;568;1;9991418765;B
20240401;095934;568;2;9991418766;B
20240401;095934;568;1;9991418767;B
20240401;095934;568;2;9991418768;B
20240401;095934;568;4;9991418769;B
20240401;095934;568;1;9991418770;B
20240401;095934;568;2;9991418771;B
20240401;095934;568;2;9991418772;B
20240401;095934;568;2;9991418773;B
20240401;095934;568;2;9991418774;B
20240401;095934;568;2;9991418775;B
20240401;095934;568;2;9991418776;B
20240401;095934;568;3;9991418777;B
20240401;095934;568;1;9991418778;B
20240401;095934;568;1;9991418779;B
20240401;095934;568;1;9991418780;B
20240401;095934;568;1;9991418781;B
20240401;095934;568;2;9991418782;B
20240401;095934;568;1;9991418783;B
20240401;095934;568;2;9991418784;B
20240401;095934;568;4;9991418785;B
20240401;095934;568;1;9991418786;B
20240401;095934;568;1;9991418787;B
20240401;095934;568;1;9991418788;B
20240401;095934;568;1;9991418789;B
20240401;095934;568;1;9991418790;B
20240401;095934;568;1;9991418791;B
20240401;095934;568;50;9991418792;B
20240401;095934;568;2;9991418793;B
20240401;095934;568;2;9991418794;B
20240401;095934;568;4;9991418795;B
20240401;095934;568;2;9991418796;B
20240401;095934;568;1;9991418797;B
20240401;095934;568;1;9991418798;B
20240401;095934;568;1;9991418799;B
20240401;095934;568;1;9991418800;B
20240401;095934;568;1;9991418801;B
20240401;095934;568;2;9991418802;B
20240401;095934;568;2;9991418803;B
20240401;095934;568;1;9991418804;B
20240401;095934;568;1;9991418805;B
20240401;095934;568;1;9991418806;B
20240401;095934;568;1;9991418807;B
20240401;095934;568;1;9991418808;B
20240401;095934;568;1;9991418809;B
20240401;095934;568;2;9991418810;B
20240401;095934;568;2;9991418811;B
20240401;095934;568;1;9991418812;B
20240401;095934;568;2;9991418813;B
20240401;095934;568;10;9991418814;B
20240401;095934;568;1;9991418815;B
20240401;095934;568;1;9991418816;B
20240401;095934;568;1;9991418817;B
20240401;095934;568;1;9991418818;B
20240401;095934;568;1;9991418819;B
20240401;095934;568;1;9991418820;B
20240401;095934;568;1;9991418821;B
20240401;095934;568;2;9991418822;B
20240401;095934;568;3;9991418823;B
20240401;095934;568;1;9991418824;B
20240401;095934;568;1;9991418825;B
20240401;095934;568;2;9991418826;B
20240401;095934;568;1;9991418827;B
20240401;095934;568;2;9991418828;B
20240401;095934;568;2;9991418829;B
20240401;095934;568;1;9991418830;B
20240401;095934;568;1;9991418831;B
20240401;095934;568;1;9991418832;B
20240401;095934;568;1;9991418833;B
20240401;095934;568;1;9991418834;B
20240401;095934;568;11;9991418835;B
20240401;095934;568;2;9991418836;B
20240401;095934;568;1;9991418837;B
20240401;095934;568;1;9991418838;B
20240401;095934;568;1;9991418839;B
20240401;095934;568;1;9991418840;B
20240401;095934;568;6;9991418841;B
20240401;095934;568;1;9991418842;B
20240401;095934;568;1;9991418843;B
20240401;095934;568;1;9991418844;B
20240401;095934;568;2;9991418845;B
20240401;095934;568;1;9991418846;B
20240401;095934;568;2;9991418847;B
20240401;095934;568;1;9991418848;B
20240401;095934;568;1;9991418849;B
20240401;095934;568;1;9991418850;B
20240401;095934;568;2;9991418851;B
20240401;095934;568;1;9991418852;B
20240401;095934;568;1;9991418853;B
20240401;095934;568;2;9991418854;B
20240401;095934;568;2;9991418855;B
20240401;095934;568;4;9991418856;B
20240401;095934;568;1;9991418857;B
20240401;095934;568;1;9991418858;B
20240401;095934;568;1;9991418859;B
20240401;095934;568;1;9991418860;B
20240401;095934;568;1;9991418861;B
20240401;095934;568;2;9991418862;B
20240401;095934;568;2;9991418863;B
20240401;095934;568;1;9991418864;B
20240401;095934;568;1;9991418865;B
20240401;095934;568;2;9991418866;B
20240401;095934;568;2;9991418867;B
20240401;095934;568;2;9991418868;B
20240401;095934;568;1;9991418869;B
20240401;095934;568;2;9991418870;B
20240401;095934;568;2;9991418871;B
20240401;095934;568;3;9991418872;B
20240401;095934;568;2;9991418873;B
20240401;095934;568;2;9991418874;B
20240401;095934;568;1;9991418875;B
20240401;095934;568;2;9991418876;B
20240401;095934;568;2;9991418877;B
20240401;095934;568;1;9991418878;B
20240401;095934;568;2;9991418879;B
20240401;095934;568;1;9991418880;B
20240401;095934;568;1;9991418881;B
20240401;095934;568;2;9991418882;B
20240401;095934;568;1;9991418883;B
20240401;095934;568;2;9991418884;B
20240401;095934;568;2;9991418885;B
20240401;095934;568;2;9991418886;B
20240401;095934;568;1;9991418887;B
20240401;095934;568;4;9991418888;B
20240401;095934;568;2;9991418889;B
20240401;095934;568;2;9991418890;B
20240401;095934;568;2;9991418891;B
20240401;095934;568;2;9991418892;B
20240401;095934;568;3;9991418893;B
20240401;095934;568;2;9991418894;B
20240401;095934;568;3;9991418895;B
20240401;095934;568;1;9991418896;B
20240401;095934;568;3;9991418897;B
20240401;095934;568;1;9991418898;B
20240401;095934;568;1;9991418899;B
20240401;095934;568;2;9991418900;B
20240401;095934;568;1;9991418901;B
20240401;095934;568;2;9991418902;B
20240401;095934;568;2;9991418903;B
20240401;095934;568;2;9991418904;B
20240401;095934;568;2;9991418905;B
20240401;095934;568;5;9991418906;B
20240401;095934;568;2;9991418907;B
20240401;095934;568;1;9991418908;B
20240401;095934;568;2;9991418909;B
20240401;095934;568;1;9991418910;B
20240401;095934;568;2;9991418911;B
20240401;095934;568;1;9991418912;B
20240401;095934;568;2;9991418913;B
20240401;095934;568;2;9991418914;B
20240401;095934;568;10;9991418915;B
20240401;095934;568;2;9991418916;B
20240401;095934;568;5;9991418917;B
20240401;095934;568;2;9991418918;B
20240401;095934;568;12;9991418919;B
20240401;095934;568;5;9991418920;B
20240401;095934;568;1;9991418921;B
20240401;095934;568;4;9991418922;B
20240401;095934;568;3;9991418923;B
20240401;095934;568;39;9991418924;B
20240401;095934;568;5;9991418925;B
20240401;095934;568;19;9991418926;B
20240401;095934;568;6;9991418927;B
20240401;095934;568;2;9991418928;B
20240401;095934;568;1;9991418929;B
20240401;095934;568;6;9991418930;B
20240401;095934;568;11;9991418931;B
20240401;095934;568;1;9991418932;B
20240401;095934;568;2;9991418933;B
20240401;095934;568;1;9991418934;B
20240401;095934;568;1;9991418935;B
20240401;095934;568;1;9991418936;B
20240401;095934;568;1;9991418937;B
20240401;095934;568;1;9991418938;B
20240401;095934;568;1;9991418939;B
20240401;095934;568;10;9991418940;B
20240401;095934;568;1;9991418941;B
20240401;095934;568;3;9991418942;B
20240401;095934;568;1;9991418943;B
20240401;095934;568;4;9991418944;B
20240401;095934;568;2;9991418945;B
20240401;095934;568;2;9991418946;B
20240401;095934;568;1;9991418947;B
20240401;095934;568;2;9991418948;B
20240401;095934;568;121;9991418949;B
20240401;095934;568;5;9991418950;B
20240401;095934;568;2;9991418951;B
20240401;095934;568;3;9991418952;B
20240401;095934;568;10;9991418953;B
20240401;095934;568;14;9991418954;B
20240401;095934;568;7;9991418955;B
20240401;095934;568;10;9991418956;B
20240401;095934;568;2;9991418957;B
20240401;095934;568;6;9991418958;S
20240401;095934;568;11;9991418959;S
20240401;095934;568;10;9991418960;S
20240401;095934;568;1;9991418961;S
20240401;095934;568;2;9991418962;S
20240401;095934;568;1;9991418963;S
20240401;095934;568;2;9991418964;B
20240401;095934;568;2;9991418965;B
20240401;095934;568;2;9991418966;B
20240401;095934;568;2;9991418967;B
20240401;095934;568;2;9991418968;B
20240401;095934;568;2;9991418969;B
20240401;095934;568;4;9991418970;B
20240401;095934;568;1;9991418971;B
20240401;095934;568;8;9991418972;B
20240401;095934;568;2;9991418973;B
20240401;095934;568;1;9991418974;B
20240401;095934;568;5;9991418975;B
20240401;095934;568;61;9991418976;B
20240401;095934;568;39;9991418977;B
20240401;095934;568;21;9991418978;B
20240401;095934;568;2;9991418979;B
20240401;095934;568;3;9991418980;B
20240401;095934;568;10;9991418981;B
20240401;095934;568;4;9991418982;B
20240401;095934;568;1;9991418983;B
20240401;095934;568;1;9991418984;B
20240401;095934;568;19;9991418985;B
20240401;095934;568;1;9991418986;B
20240401;095934;568;2;9991418987;B
20240401;095934;568;2;9991418988;B
20240401;095934;568;1;9991418989;B
20240401;095934;568;3;9991418990;B
20240401;095934;568;597;9991418991;B
20240401;095934;568;1;9991418992;B
20240401;095934;568;65;9991418993;B
20240401;095934;568;50;9991418994;B
20240401;095934;568;1;9991418995;B
20240401;095934;568;10;9991418996;B
20240401;095934;568;1;9991418997;B
20240401;095934;568;25;9991418998;B
20240401;095934;568;1;9991418999;B
20240401;095934;568;20;9991419000;B
20240401;095934;568;1;9991419001;B
20240401;095934;568;2;9991419002;B
20240401;095934;568;10;9991419003;B
20240401;095934;568;5;9991419004;B
20240401;095934;568;15;9991419005;B
20240401;095934;568;21;9991419006;S
20240401;095934;568;9;9991419007;S
20240401;095934;568;107;9991419008;B
20240401;095934;568;1;9991419009;B
20240401;095934;568;17;9991419010;S
20240401;095934;568;3;9991419011;S
20240401;095934;568;1;9991419012;S
20240401;095934;568;6;9991419013;S
20240401;095934;568;2;9991419014;S
20240401;095934;568;14;9991419015;S
20240401;095934;568;4;9991419016;S
20240401;095934;568;1;9991419017;S
20240401;095934;568;1;9991419018;S
20240401;095934;568;3;9991419019;S
20240401;095934;568;1;9991419020;S
20240401;095934;568;9;9991419021;S
20240401;095934;568;10;9991419022;S
20240401;095934;568;2;9991419023;S
20240401;095934;568;70;9991419024;S
20240401;095934;568;1;9991419025;S
20240401;095934;568;3;9991419026;S
20240401;095934;568;1;9991419027;S
20240401;095934;568;22;9991419028;S
20240401;095934;568;1;9991419029;S
20240401;095934;568;3;9991419030;S
20240401;095934;568;1;9991419031;S
20240401;095934;568;6;9991419032;S
20240401;095934;568;1;9991419033;S
20240401;095934;568;1;9991419034;S
20240401;095934;568;1;9991419035;S
20240401;095934;568;3;9991419036;S
20240401;095934;568;10;9991419037;S
20240401;095934;568;4;9991419038;S
20240401;095934;568;4;9991419039;S
20240401;095934;568;5;9991419040;S
20240401;095934;568;4;9991419041;S
20240401;095934;568;16;9991419042;S
20240401;095934;568;7;9991419043;S
20240401;095934;568;1;9991419044;S
20240401;095934;568;2;9991419045;S
20240401;095934;568;50;9991419046;B
20240401;095934;568;2;9991419047;B
20240401;095934;568;10;9991419048;B
20240401;095934;568;1;9991419049;B
20240401;095934;568;1;9991419050;B
20240401;095934;568;2;9991419051;B
20240401;095934;568;3;9991419052;B
20240401;095934;568;6;9991419053;B
20240401;095934;568;1;9991419054;B
20240401;095934;568;6;9991419055;B
20240401;095934;568;39;9991419056;B
20240401;095934;568;1;9991419057;B
20240401;095934;568;20;9991419058;B
20240401;095934;568;1;9991419059;B
20240401;095934;568;6;9991419060;B
20240401;095934;568;6;9991419061;B
20240401;095934;568;2;9991419062;B
20240401;095934;568;6;9991419063;B
20240401;095934;568;250;9991419064;B
20240401;095934;568;9;9991419065;S
20240401;095934;568;1;9991419066;S
20240401;095934;568;2;9991419067;B
20240401;095934;568;4;9991419068;B
20240401;095934;568;6;9991419069;B
20240401;095934;568;10;9991419070;B
20240401;095934;568;100;9991419071;B
20240401;095934;568;384;9991419072;B
20240401;095934;568;6;9991419073;B
20240401;095934;568;1;9991419074;B
20240401;095934;568;6;9991419075;B
20240401;095934;568;1;9991419076;B
20240401;095934;568;6;9991419077;B
20240401;095934;568;1;9991419078;B
20240401;095934;568;8;9991419079;S
20240401;095934;568;6;9991419080;B
20240401;095934;568;20;9991419081;B
20240401;095934;568;500;9991419082;B
20240401;095934;568;6;9991419083;B
20240401;095934;568;6;9991419084;B
20240401;095934;568;100;9991419085;B
20240401;095934;568;100;9991419086;B
20240401;095934;568;1;9991419087;B
20240401;095934;568;150;9991419088;B
20240401;095934;568;529;9991419089;B
20240401;095934;568;147;9991419090;S
20240401;095934;568;6;9991419091;B
20240401;095934;568;359;9991419092;B
20240401;095934;568;2;9991419093;B
20240401;095934;568;44;9991419094;B
20240401;095934;568;50;9991419095;B
20240401;095934;568;10;9991419096;B
20240401;095934;568;3;9991419097;B
20240401;095934;568;187;9991419098;B
20240401;095934;568;20;9991419099;B
20240401;095934;568;8;9991419100;B
20240401;100000;567.95;396;9991429864;B
20240401;100000;568;1;9991429885;B
20240401;100000;568;5;9991429886;B
20240401;100000;568;194;9991429887;B
20240401;100000;568;500;9991429900;B
20240401;100000;568;6;9991429917;B
20240401;100000;568;194;9991429918;B
20240401;100000;567.95;104;9991429932;S
20240401;100000;567.95;104;9991429933;S
20240401;100000;567.95;104;9991429934;S
20240401;100000;567.95;92;9991429935;S
20240401;100000;567.95;12;9991429936;S
20240401;100000;567.95;104;9991429937;S
20240401;100000;567.95;84;9991429938;S
20240401;100000;567.95;104;9991429952;S
20240401;100000;567.95;96;9991429953;S
20240401;100000;567.95;8;9991429954;S
20240401;100000;567.95;104;9991429955;S
20240401;100000;568;100;9991429962;B
20240401;100000;567.95;104;9991429975;S
20240401;100000;567.95;104;9991429976;S
20240401;100000;567.95;104;9991429977;S
20240401;100000;567.95;76;9991429978;S
20240401;100000;567.95;300;9991429979;S
20240401;100000;567.95;28;9991429980;S
20240401;100000;567.95;72;9991429982;S
20240401;100000;568;23;9991430001;B
20240401;100000;568;3;9991430002;B
20240401;100000;568;174;9991430003;B
20240401;100000;567.95;200;9991430007;S
20240401;100000;567.95;404;9991430008;S
20240401;100000;567.95;96;9991430011;S
20240401;100000;568;25;9991430022;B
20240401;100000;568;100;9991430023;B
20240401;100000;568;1;9991430024;B
20240401;100000;568;274;9991430025;B
20240401;100000;567.95;100;9991430034;S
20240401;100000;567.95;100;9991430035;S
20240401;100000;568;26;9991430055;B
20240401;100000;568;74;9991430056;B
20240401;100000;568;300;9991430057;B
20240401;100000;567.95;221;9991430059;S
20240401;100000;568;500;9991430070;B
20240401;100000;568;126;9991430083;B
20240401;100000;568;60;9991430084;B
20240401;100000;568;119;9991430085;B
20240401;100000;568;195;9991430086;B
20240401;100000;568;25;9991430091;B
20240401;100000;567.95;200;9991430098;S
20240401;100000;567.95;62;9991430099;S
20240401;100000;567.95;17;9991430100;S
20240401;100000;567.95;84;9991430101;S
20240401;100000;568.05;6;9991430105;B
20240401;100000;568.1;6;9991430106;B
20240401;100000;568.1;188;9991430107;S
20240401;100000;567.95;12;9991430108;S
20240401;100000;567.95;2;9991430109;S
20240401;100000;567.95;200;9991430110;S
20240401;100000;567.95;200;9991430111;S
20240401;100000;567.95;100;9991430113;S
20240401;100000;568.1;300;9991430208;S
20240401;100000;568;96;9991430209;S
20240401;100000;568;10;9991430244;S
20240401;100000;568;394;9991430397;S
20240401;100000;568;200;9991430398;S
20240401;100000;568;500;9991430399;S
20240401;100000;568;309;9991430400;S
20240401;100000;568;1;9991430411;S
20240401;100000;568.1;200;9991430467;B
20240401;100000;568;22;9991430472;S
20240401;100000;568;1;9991430506;S
20240401;100000;568;1;9991430508;S
20240401;100000;568;1;9991430534;S
20240401;100000;568.1;174;9991430696;B
20240401;100000;568.1;22;9991430703;B
20240401;100000;568.1;78;9991430744;S
20240401;100000;568.1;200;9991430745;S
20240401;100000;568.1;200;9991430746;S
20240401;100000;568.1;22;9991430747;S
20240401;100000;568.15;6;9991430771;B
20240401;100000;568.15;22;9991430812;S
20240401;100000;568.2;6;9991430852;B
20240401;100000;568.25;6;9991430965;B
20240401;100000;568.3;6;9991431058;B
20240401;100000;568.3;188;9991431059;B
20240401;100000;568.3;200;9991431068;B
20240401;100000;568.3;143;9991431076;B
20240401;100000;568.35;6;9991431110;B
20240401;100000;568.35;160;9991431111;B
20240401;100001;568.35;300;9991431312;B
20240401;100001;568.35;74;9991431337;B
20240401;100001;568.3;300;9991431340;S
20240401;100001;568.3;300;9991431341;S
20240401;100001;568.3;104;9991431342;S
20240401;100001;568.25;200;9991431343;S
20240401;100001;568.25;200;9991431344;S
20240401;100001;568.2;222;9991431345;S
20240401;100001;568.2;200;9991431346;S
20240401;100001;568.2;200;9991431347;S
20240401;100001;568.2;174;9991431348;S
20240401;100001;568.4;6;9991431687;B
20240401;100001;568.4;35;9991431688;B
20240401;100001;568.4;17;9991431689;B
20240401;100001;568.4;14;9991431690;B
20240401;100001;568.4;10;9991431691;B
20240401;100001;568.4;218;9991431692;B
20240401;100001;568.45;6;9991431773;B
20240401;100001;568.45;1;9991431774;B
20240401;100001;568.45;50;9991431775;B
20240401;100001;568.45;53;9991431848;B
20240401;100001;568.45;53;9991431849;B
20240401;100001;568.45;1;9991431866;B
20240401;100001;568.45;1;9991431867;B
20240401;100001;568.45;92;9991431883;B
20240401;100001;568.45;10;9991431884;B
20240401;100001;568.5;6;9991431943;B
20240401;100001;568.5;2;9991431944;B
20240401;100001;568.5;1;9991431945;B
20240401;100001;568.5;3;9991431946;B
20240401;100001;568.5;288;9991431947;B
20240401;100001;568.5;3;9991432201;B
20240401;100001;568.5;100;9991432205;B
20240401;100001;568.5;200;9991432219;B
20240401;100001;568.5;300;9991432220;B
20240401;100001;568.5;100;9991432271;B
20240401;100001;568.45;198;9991432295;S
20240401;100001;568.45;300;9991432296;S
20240401;100001;568.45;178;9991432297;S
20240401;100001;568.45;300;9991432298;S
20240401;100001;568.45;24;9991432299;S
20240401;100001;568.5;100;9991432300;B
20240401;100001;568.5;16;9991432309;B
20240401;100001;568.5;13;9991432310;B
20240401;100001;568.5;300;9991432311;B
20240401;100001;568.5;1;9991432313;B
20240401;100001;568.5;1;9991432319;B
20240401;100001;568.5;200;9991432336;B
20240401;100001;568.5;1;9991432338;B
20240401;100001;568.5;1;9991432353;B
20240401;100001;568.5;1;9991432354;B
20240401;100001;568.5;200;9991432650;B
20240401;100001;568.5;300;9991432665;B
20240401;100001;568.5;100;9991432691;B
20240401;100001;568.5;300;9991432700;B
20240401;100001;568.5;300;9991432704;B
20240401;100001;568.5;100;9991432708;B
20240401;100001;568.5;300;9991432715;B
20240401;100001;568.5;200;9991432721;B
20240401;100001;568.5;300;9991432737;B
20240401;100001;568.5;200;9991432752;B
20240401;100001;568.5;263;9991432768;B
20240401;100001;568.5;1;9991432769;B
20240401;100001;568.5;36;9991432770;B
20240401;100001;568.45;1;9991432784;S
20240401;100001;568.5;1;9991432789;B
20240401;100001;568.5;1;9991432790;B
20240401;100001;568.5;1;9991432793;B
20240401;100001;568.5;1;9991432878;B
20240401;100001;568.45;1;9991432892;S
20240401;100001;568.5;1;9991432898;B
20240401;100001;568.5;1;9991432899;B
20240401;100001;568.45;240;9991432927;S
20240401;100001;568.5;1;9991432965;B
20240401;100001;568.5;1;9991432966;B
20240401;100001;568.5;1;9991432973;B
20240401;100002;568.5;3;9991433184;B
20240401;100002;568.5;4;9991433185;B
20240401;100002;568.5;1;9991433250;B
20240401;100002;568.45;1;9991433332;S
20240401;100002;568.5;1;9991433337;B
20240401;100002;568.5;2;9991433338;B
20240401;100002;568.45;30;9991433386;S
20240401;100002;568.5;2;9991433420;B
20240401;100002;568.5;2;9991433421;B
20240401;100002;568.45;3;9991433508;S
20240401;100002;568.5;3;9991433582;B
20240401;100002;568.5;4;9991433749;B
20240401;100002;568.5;4;9991433750;B
20240401;100002;568.5;1;9991433969;B
20240401;100002;568.5;2;9991433970;B
20240401;100002;568.45;9;9991434013;S
20240401;100002;568.5;1;9991434154;B
20240401;100002;568.5;1;9991434181;B
20240401;100002;568.5;1;9991434192;B
20240401;100002;568.5;1;9991434206;B
20240401;100002;568.45;191;9991434220;S
20240401;100002;568.45;253;9991434221;S
20240401;100002;568.5;1;9991434227;B
20240401;100002;568.5;1;9991434228;B
20240401;100002;568.5;1;9991434276;B
20240401;100002;568.45;10;9991434326;S
20240401;100002;568.5;1;9991434376;B
20240401;100002;568.5;68;9991434420;B
20240401;100002;568.5;395;9991434421;B
20240401;100002;568.5;110;9991434422;B
20240401;100002;568.55;6;9991434423;B
20240401;100002;568.6;6;9991434424;B
20240401;100002;568.65;5;9991434425;B
20240401;100002;568.65;2;9991434426;B
20240401;100002;568.65;1;9991434427;B
20240401;100002;568.7;5;9991434428;B
20240401;100002;568.7;153;9991434429;B
20240401;100002;568.65;26;9991434464;B
20240401;100002;568.65;369;9991434499;B
20240401;100002;568.7;7;9991434786;B
20240401;100002;568.65;10;9991434906;S
20240401;100002;568.65;1;9991434988;S
20240401;100002;568.65;11;9991435188;S
20240401;100002;568.7;1;9991435341;B
20240401;100002;568.7;1;9991435346;B
20240401;100002;568.65;10;9991435353;S
20240401;100002;568.7;2;9991435358;B
20240401;100003;568.65;99;9991435410;S
20240401;100003;568.65;226;9991435411;S
20240401;100003;568.7;1;9991435413;B
20240401;100003;568.7;1;9991435730;B
20240401;100003;568.65;20;9991435815;S
20240401;100003;568.7;1;9991435816;B
20240401;100003;568.65;285;9991435831;S
20240401;100003;568.65;500;9991435832;S
20240401;100003;568.6;300;9991435833;S
20240401;100003;568.6;200;9991435834;S
20240401;100003;568.6;200;9991435835;S
20240401;100003;568.6;200;9991435836;S
20240401;100003;568.6;200;9991435837;S
20240401;100003;568.6;115;9991435838;S
20240401;100003;568.6;4;9991435844;S
20240401;100003;568.6;3;9991435899;S
20240401;100003;568.6;1;9991435913;S
20240401;100003;568.6;1;9991436029;S
20240401;100003;568.6;113;9991436044;S
20240401;100003;568.6;109;9991436045;S
20240401;100003;568.65;60;9991436094;B
20240401;100003;568.65;5;9991436173;B
20240401;100003;568.6;1;9991436474;S
20240401;100003;568.65;1;9991436489;B
20240401;100003;568.6;1;9991436509;S
20240401;100003;568.6;382;9991436740;S
20240401;100003;568.65;329;9991436775;B
20240401;100003;568.7;671;9991436776;B
20240401;100003;568.65;150;9991436777;B
20240401;100003;568.6;7;9991436810;S
20240401;100003;568.6;500;9991436811;S
20240401;100003;568.6;85;9991436812;S
20240401;100004;568.6;1;9991436838;S
20240401;100004;568.65;35;9991436936;B
20240401;100004;568.65;195;9991437019;B
20240401;100004;568.6;2;9991437208;S
20240401;100004;568.6;1;9991437245;S
20240401;100004;568.6;5;9991437301;S
20240401;100004;568.65;2;9991437578;B
20240401;100004;568.65;300;9991437758;B
20240401;100004;568.6;1;9991437774;S
20240401;100005;568.6;5;9991438079;S
20240401;100005;568.7;100;9991438377;B
20240401;100005;568.6;1;9991438473;S
20240401;100005;568.7;1;9991438802;B
20240401;100005;568.7;1;9991438803;B
20240401;100005;568.6;2;9991438804;S
20240401;100005;568.6;1;9991438807;S
20240401;100005;568.7;1;9991438808;B
20240401;100005;568.7;1;9991438811;B
20240401;100005;568.7;2;9991438814;B
20240401;100005;568.7;2;9991438818;B
20240401;100005;568.7;1;9991438820;B
20240401;100005;568.6;1;9991438821;S
20240401;100005;568.7;1;9991438823;B
20240401;100005;568.7;1;9991438827;B
20240401;100005;568.6;1;9991438829;S
20240401;100005;568.7;1;9991438834;B
20240401;100005;568.6;1;9991438836;S
20240401;100005;568.6;1;9991438850;S
20240401;100005;568.6;2;9991438851;S
20240401;100005;568.7;1;9991438854;B
20240401;100005;568.7;2;9991438863;B
20240401;100005;568.6;3;9991438864;S
20240401;100005;568.7;1;9991438870;B
20240401;100005;568.6;1;9991438874;S
20240401;100005;568.6;1;9991438875;S
20240401;100005;568.6;1;9991438876;S
20240401;100005;568.6;1;9991438877;S
20240401;100005;568.7;1;9991438881;B
20240401;100005;568.7;1;9991438888;B
20240401;100005;568.7;44;9991438889;B
20240401;100005;568.7;1;9991438890;B
20240401;100005;568.7;305;9991438891;B
20240401;100005;568.7;1;9991438894;B
20240401;100005;568.7;2;9991438897;B
20240401;100005;568.6;2;9991438904;S
20240401;100005;568.6;1;9991438909;S
20240401;100005;568.7;2;9991438914;B
20240401;100005;568.6;1;9991438917;S
20240401;100005;568.7;2;9991438923;B
20240401;100005;568.6;2;9991438926;S
20240401;100005;568.7;3;9991438931;B
20240401;100005;568.7;1;9991438935;B
20240401;100005;568.6;2;9991438938;S
20240401;100005;568.7;1;9991438941;B
20240401;100005;568.7;1;9991438943;B
20240401;100005;568.6;2;9991438947;S
20240401;100005;568.7;2;9991438949;B
20240401;100005;568.6;2;9991438958;S
20240401;100005;568.6;1;9991438960;S
20240401;100005;568.6;1;9991438964;S
20240401;100005;568.6;1;9991438966;S
20240401;100005;568.6;1;9991438969;S
20240401;100005;568.7;1;9991438978;B
20240401;100005;568.6;1;9991438983;S
20240401;100005;568.7;10;9991438985;B
20240401;100005;568.7;1;9991438991;B
20240401;100005;568.7;1;9991438994;B
20240401;100005;568.6;1;9991439076;S
20240401;100005;568.7;1;9991439081;B
20240401;100005;568.7;1;9991439083;B
20240401;100005;568.7;1;9991439087;B
20240401;100005;568.7;1;9991439090;B
20240401;100005;568.6;2;9991439093;S
20240401;100005;568.7;2;9991439096;B
20240401;100005;568.7;1;9991439099;B
20240401;100005;568.6;2;9991439106;S
20240401;100005;568.7;1;9991439107;B
20240401;100005;568.6;1;9991439110;S
20240401;100005;568.7;1;9991439112;B
20240401;100005;568.7;1;9991439116;B
20240401;100005;568.6;2;9991439118;S
20240401;100005;568.6;4;9991439120;S
20240401;100005;568.7;1;9991439123;B
20240401;100005;568.7;1;9991439129;B
20240401;100005;568.7;1;9991439133;B
20240401;100005;568.7;1;9991439135;B
20240401;100005;568.6;1;9991439138;S
20240401;100005;568.6;1;9991439151;S
20240401;100005;568.6;1;9991439152;S
20240401;100005;568.7;1;9991439167;B
20240401;100005;568.6;8;9991439169;S
20240401;100005;568.6;2;9991439171;S
20240401;100005;568.6;2;9991439176;S
20240401;100005;568.7;1;9991439177;B
20240401;100005;568.7;2;9991439181;B
20240401;100005;568.7;2;9991439183;B
20240401;100005;568.7;1;9991439185;B
20240401;100005;568.7;2;9991439190;B
20240401;100005;568.6;2;9991439194;S
20240401;100005;568.6;2;9991439195;S
20240401;100005;568.7;2;9991439199;B
20240401;100005;568.7;1;9991439203;B
20240401;100005;568.6;2;9991439204;S
20240401;100005;568.6;2;9991439205;S
20240401;100005;568.7;5;9991439216;B
20240401;100005;568.6;1;9991439220;S
20240401;100005;568.6;1;9991439222;S
20240401;100005;568.6;2;9991439226;S
20240401;100005;568.6;1;9991439229;S
20240401;100005;568.6;2;9991439235;S
20240401;100005;568.6;1;9991439244;S
20240401;100006;568.6;1;9991439593;S
20240401;100006;568.7;3;9991439966;B
20240401;100006;568.7;2;9991439971;B
20240401;100006;568.6;6;9991440769;S
20240401;100006;568.6;1;9991440788;S
20240401;100006;568.6;1;9991440798;S
20240401;100006;568.7;2;9991440807;B
20240401;100006;568.7;2;9991440812;B
20240401;100006;568.7;1;9991440828;B
20240401;100006;568.7;1;9991440829;B
20240401;100006;568.7;100;9991440840;B
20240401;100006;568.6;1;9991440842;S
20240401;100006;568.6;2;9991440846;S
20240401;100006;568.7;1;9991440847;B
20240401;100006;568.7;2;9991440850;B
20240401;100006;568.6;1;9991440851;S
20240401;100006;568.7;2;9991440854;B
20240401;100006;568.6;1;9991440860;S
20240401;100006;568.7;2;9991440862;B
20240401;100006;568.6;1;9991440866;S
20240401;100006;568.7;1;9991440871;B
20240401;100006;568.7;1;9991440879;B
20240401;100006;568.6;2;9991440884;S
20240401;100006;568.6;1;9991440894;S
20240401;100006;568.6;147;9991440902;S
20240401;100006;568.7;1;9991440910;B
20240401;100006;568.6;2;9991440913;S
20240401;100006;568.7;1;9991440917;B
20240401;100006;568.6;1;9991440920;S
20240401;100006;568.6;1;9991440925;S
20240401;100006;568.6;1;9991440928;S
20240401;100006;568.6;1;9991440929;S
20240401;100006;568.6;1;9991440932;S
20240401;100006;568.6;1;9991440934;S
20240401;100006;568.6;1;9991440936;S
20240401;100006;568.6;1;9991440953;S
20240401;100006;568.7;7;9991440964;B
20240401;100006;568.7;2;9991440970;B
20240401;100006;568.7;2;9991440991;B
20240401;100006;568.7;1;9991440997;B
20240401;100006;568.6;2;9991441000;S
20240401;100006;568.7;100;9991441004;B
20240401;100006;568.7;2;9991441008;B
20240401;100006;568.6;2;9991441014;S
20240401;100006;568.6;2;9991441016;S
20240401;100006;568.6;2;9991441021;S
20240401;100006;568.7;1;9991441025;B
20240401;100006;568.6;2;9991441028;S
20240401;100006;568.6;10;9991441037;S
20240401;100006;568.7;1;9991441038;B
20240401;100006;568.6;2;9991441042;S
20240401;100006;568.7;10;9991441264;B
20240401;100007;568.7;1;9991441526;B
20240401;100007;568.6;1;9991441528;S
20240401;100007;568.7;1;9991441534;B
20240401;100007;568.7;1;9991441545;B
20240401;100007;568.6;3;9991441549;S
20240401;100007;568.7;1;9991441555;B
20240401;100007;568.7;1;9991441562;B
20240401;100007;568.7;1;9991441566;B
20240401;100007;568.7;1;9991441570;B
20240401;100007;568.7;6;9991441578;B
20240401;100007;568.6;2;9991441599;S
20240401;100007;568.7;2;9991441602;B
20240401;100007;568.7;1;9991441603;B
20240401;100007;568.6;1;9991441604;S
20240401;100007;568.7;5;9991441606;B
20240401;100007;568.7;1;9991441632;B
20240401;100007;568.6;2;9991441634;S
20240401;100007;568.6;1;9991441637;S
20240401;100007;568.6;1;9991441644;S
20240401;100007;568.7;1;9991441647;B
20240401;100007;568.6;1;9991441654;S
20240401;100007;568.7;1;9991441661;B
20240401;100007;568.7;1;9991441741;B
20240401;100007;568.7;2;9991441753;B
20240401;100007;568.6;1;9991441769;S
20240401;100007;568.6;1;9991441779;S
20240401;100007;568.7;1;9991441787;B
20240401;100007;568.7;1;9991441812;B
20240401;100007;568.6;3;9991441823;S
20240401;100007;568.7;2;9991441833;B
20240401;100007;568.6;1;9991441839;S
20240401;100007;568.7;1;9991441847;B
20240401;100007;568.6;1;9991441859;S
20240401;100007;568.7;2;9991441868;B
20240401;100007;568.7;2;9991441873;B
20240401;100007;568.7;2;9991441880;B
20240401;100007;568.6;1;9991441882;S
20240401;100007;568.7;2;9991441890;B
20240401;100007;568.6;1;9991441896;S
20240401;100007;568.7;2;9991441905;B
20240401;100007;568.7;1;9991441914;B
20240401;100007;568.7;2;9991441916;B
20240401;100007;568.7;1;9991441926;B
20240401;100007;568.7;1;9991441947;B
20240401;100007;568.7;2;9991441979;B
20240401;100007;568.7;2;9991441993;B
20240401;100007;568.7;2;9991442006;B
20240401;100007;568.7;2;9991442012;B
20240401;100007;568.7;2;9991442018;B
20240401;100007;568.7;1;9991442031;B
20240401;100007;568.6;1;9991442033;S
20240401;100007;568.6;2;9991442040;S
20240401;100007;568.7;3;9991442049;B
20240401;100007;568.6;40;9991442343;S
20240401;100007;568.7;1;9991442701;B
20240401;100007;568.65;1;9991443135;B
20240401;100007;568.6;1;9991443136;S
20240401;100007;568.6;2;9991443137;S
20240401;100007;568.6;2;9991443138;S
20240401;100007;568.65;1;9991443140;B
20240401;100007;568.6;2;9991443148;S
20240401;100007;568.65;2;9991443151;B
20240401;100007;568.65;1;9991443154;B
20240401;100007;568.65;2;9991443155;B
20240401;100007;568.65;1;9991443156;B
20240401;100007;568.6;3;9991443157;S
20240401;100007;568.6;1;9991443158;S
20240401;100007;568.6;1;9991443166;S
20240401;100007;568.6;2;9991443167;S
20240401;100007;568.65;1;9991443169;B
20240401;100007;568.65;1;9991443170;B
20240401;100007;568.65;2;9991443171;B
20240401;100007;568.6;1;9991443172;S
20240401;100007;568.6;2;9991443174;S
20240401;100007;568.65;1;9991443180;B
20240401;100007;568.65;2;9991443182;B
20240401;100007;568.6;2;9991443184;S
20240401;100007;568.6;1;9991443185;S
20240401;100007;568.6;2;9991443186;S
20240401;100007;568.65;1;9991443187;B
20240401;100007;568.6;2;9991443189;S
20240401;100007;568.6;1;9991443196;S
20240401;100007;568.6;10;9991443197;S
20240401;100007;568.6;2;9991443203;S
20240401;100007;568.6;2;9991443204;S
20240401;100007;568.65;2;9991443205;B
20240401;100007;568.6;1;9991443206;S
20240401;100007;568.6;2;9991443208;S
20240401;100007;568.65;1;9991443214;B
20240401;100007;568.6;4;9991443216;S
20240401;100007;568.6;2;9991443218;S
20240401;100007;568.65;1;9991443219;B
20240401;100007;568.65;1;9991443220;B
20240401;100007;568.65;1;9991443221;B
20240401;100007;568.6;5;9991443227;S
20240401;100007;568.65;1;9991443229;B
20240401;100007;568.6;2;9991443231;S
20240401;100007;568.65;1;9991443232;B
20240401;100007;568.65;1;9991443233;B
20240401;100007;568.6;2;9991443236;S
20240401;100007;568.6;1;9991443237;S
20240401;100007;568.65;1;9991443243;B
20240401;100007;568.6;1;9991443761;S
20240401;100007;568.65;398;9991443782;B
20240401;100007;568.7;365;9991443783;B
20240401;100008;568.6;2;9991443988;S
20240401;100008;568.7;2;9991444222;B
20240401;100008;568.6;1;9991444224;S
20240401;100008;568.6;1;9991444225;S
20240401;100008;568.7;2;9991444226;B
20240401;100008;568.6;2;9991445197;S
20240401;100008;568.7;1;9991445233;B
20240401;100008;568.6;3;9991445246;S
20240401;100008;568.6;2;9991445259;S
20240401;100008;568.7;1;9991445268;B
20240401;100008;568.6;2;9991445272;S
20240401;100008;568.6;2;9991445280;S
20240401;100008;568.6;2;9991445282;S
20240401;100008;568.6;1;9991445290;S
20240401;100008;568.6;1;9991445293;S
20240401;100008;568.7;1;9991445297;B
20240401;100008;568.6;2;9991445304;S
20240401;100008;568.6;1;9991445318;S
20240401;100008;568.7;1;9991445320;B
20240401;100008;568.7;8;9991445326;B
20240401;100008;568.7;1;9991445333;B
20240401;100008;568.7;2;9991445339;B
20240401;100008;568.7;1;9991445344;B
20240401;100008;568.6;2;9991445350;S
20240401;100008;568.7;1;9991445352;B
20240401;100008;568.7;1;9991445364;B
20240401;100008;568.7;1;9991445371;B
20240401;100008;568.6;6;9991445374;S
20240401;100008;568.7;1;9991445382;B
20240401;100008;568.6;8;9991445386;S
20240401;100008;568.7;1;9991445391;B
20240401;100008;568.6;1;9991445398;S
20240401;100008;568.7;2;9991445403;B
20240401;100008;568.6;2;9991445407;S
20240401;100008;568.7;1;9991445421;B
20240401;100008;568.6;1;9991445425;S
20240401;100008;568.7;1;9991445433;B
20240401;100008;568.7;1;9991445435;B
20240401;100008;568.7;10;9991445443;B
20240401;100008;568.7;1;9991445447;B
20240401;100008;568.7;1;9991445453;B
20240401;100008;568.6;2;9991445465;S
20240401;100008;568.7;2;9991445476;B
20240401;100008;568.7;2;9991445487;B
20240401;100008;568.7;8;9991445495;B
20240401;100008;568.6;1;9991445509;S
20240401;100008;568.6;3;9991445515;S
20240401;100008;568.6;3;9991445528;S
20240401;100008;568.6;1;9991445537;S
20240401;100008;568.6;3;9991445551;S
20240401;100008;568.6;1;9991445561;S
20240401;100008;568.6;2;9991445569;S
20240401;100008;568.7;13;9991445573;B
20240401;100008;568.7;1;9991445587;B
20240401;100008;568.7;3;9991446227;B
20240401;100008;568.7;1;9991446232;B
20240401;100008;568.6;1;9991446244;S
20240401;100008;568.6;4;9991446255;S
20240401;100008;568.7;1;9991446260;B
20240401;100008;568.7;2;9991446269;B
20240401;100008;568.6;23;9991446283;S
20240401;100008;568.6;2;9991446296;S
20240401;100008;568.6;2;9991446299;S
20240401;100008;568.7;2;9991446311;B
20240401;100008;568.7;1;9991446319;B
20240401;100008;568.7;1;9991446338;B
20240401;100008;568.6;2;9991446345;S
20240401;100008;568.6;2;9991446355;S
20240401;100008;568.7;2;9991446367;B
20240401;100008;568.6;2;9991446379;S
20240401;100008;568.6;1;9991446390;S
20240401;100008;568.7;1;9991446397;B
20240401;100008;568.7;1;9991446400;B
20240401;100008;568.7;2;9991446405;B
20240401;100008;568.7;2;9991446410;B
20240401;100008;568.6;1;9991446417;S
20240401;100008;568.7;2;9991446423;B
20240401;100008;568.6;2;9991446435;S
20240401;100008;568.7;1;9991446436;B
20240401;100008;568.7;2;9991446439;B
20240401;100008;568.7;1;9991446446;B
20240401;100008;568.7;2;9991446451;B
20240401;100008;568.7;1;9991446454;B
20240401;100008;568.6;2;9991446457;S
20240401;100008;568.7;2;9991446460;B
20240401;100008;568.7;10;9991446466;B
20240401;100008;568.6;2;9991446467;S
20240401;100008;568.7;2;9991446475;B
20240401;100008;568.6;2;9991446478;S
20240401;100008;568.7;1;9991446485;B
20240401;100008;568.7;2;9991446487;B
20240401;100008;568.6;2;9991446493;S
20240401;100008;568.6;2;9991446495;S
20240401;100008;568.7;2;9991446500;B
20240401;100008;568.7;3;9991446506;B
20240401;100008;568.6;2;9991446512;S
20240401;100008;568.7;2;9991446514;B
20240401;100008;568.7;1;9991446520;B
20240401;100008;568.7;2;9991446522;B
20240401;100008;568.7;1;9991446529;B
20240401;100008;568.6;15;9991446531;S
20240401;100008;568.7;2;9991446536;B
20240401;100008;568.7;2;9991446538;B
20240401;100008;568.7;1;9991446542;B
20240401;100008;568.7;2;9991446545;B
20240401;100008;568.7;1;9991446546;B
20240401;100008;568.6;2;9991446611;S
20240401;100008;568.7;1;9991446612;B
20240401;100008;568.6;2;9991446615;S
20240401;100008;568.6;1;9991446617;S
20240401;100008;568.7;1;9991446618;B
20240401;100008;568.6;2;9991446620;S
20240401;100008;568.6;3;9991446626;S
20240401;100008;568.6;1;9991446629;S
20240401;100008;568.6;2;9991446631;S
20240401;100008;568.6;2;9991446632;S
20240401;100008;568.6;2;9991446634;S
20240401;100009;568.7;2;9991446638;B
20240401;100009;568.7;3;9991446640;B
20240401;100009;568.7;2;9991446647;B
20240401;100009;568.7;1;9991446648;B
20240401;100009;568.6;1;9991446649;S
20240401;100009;568.7;1;9991446655;B
20240401;100009;568.6;2;9991446657;S
20240401;100009;568.6;2;9991446658;S
20240401;100009;568.7;1;9991446663;B
20240401;100009;568.6;2;9991446664;S
20240401;100009;568.6;2;9991446665;S
20240401;100009;568.6;2;9991446668;S
20240401;100009;568.6;2;9991446671;S
20240401;100009;568.7;1;9991446676;B
20240401;100009;568.7;9;9991446677;B
20240401;100009;568.7;1;9991446678;B
20240401;100009;568.7;1;9991446679;B
20240401;100009;568.7;2;9991446686;B
20240401;100009;568.6;1;9991446689;S
20240401;100009;568.6;3;9991446690;S
20240401;100009;568.6;1;9991446694;S
20240401;100009;568.7;1;9991446696;B
20240401;100009;568.6;2;9991446699;S
20240401;100009;568.7;1;9991446700;B
20240401;100009;568.6;1;9991446702;S
20240401;100009;568.7;2;9991446709;B
20240401;100009;568.6;2;9991446710;S
20240401;100009;568.6;1;9991446712;S
20240401;100009;568.7;2;9991446713;B
20240401;100009;568.7;1;9991446719;B
20240401;100009;568.6;1;9991446720;S
20240401;100009;568.7;1;9991446721;B
20240401;100009;568.6;2;9991446725;S
20240401;100009;568.6;2;9991446728;S
20240401;100009;568.6;1;9991446729;S
20240401;100009;568.7;4;9991446730;B
20240401;100009;568.7;91;9991446734;B
20240401;100009;568.75;5;9991446735;B
20240401;100009;568.75;19;9991446736;B
20240401;100009;568.75;2;9991446737;B
20240401;100009;568.8;5;9991446738;B
20240401;100009;568.8;1;9991446739;B
20240401;100009;568.8;407;9991446740;B
20240401;100009;568.6;2;9991446742;S
20240401;100009;568.8;2;9991446743;B
20240401;100009;568.8;18;9991446747;B
20240401;100009;568.65;1;9991446749;S
20240401;100009;568.65;4;9991446750;S
20240401;100009;568.8;1;9991446755;B
20240401;100009;568.75;1;9991446760;B
20240401;100009;568.8;9;9991446761;B
20240401;100009;568.8;249;9991446762;B
20240401;100009;568.8;1;9991446766;B
20240401;100009;568.65;2;9991446770;S
20240401;100009;568.8;2;9991446771;B
20240401;100009;568.65;1;9991446772;S
20240401;100009;568.75;1;9991446775;B
20240401;100009;568.75;1;9991446781;B
20240401;100009;568.65;1;9991446783;S
20240401;100009;568.65;2;9991446785;S
20240401;100009;568.65;3;9991446790;S
20240401;100009;568.65;1;9991446796;S
20240401;100009;568.75;2;9991446798;B
20240401;100009;568.8;2;9991446799;B
20240401;100009;568.8;1;9991446802;B
20240401;100009;568.65;2;9991446805;S
20240401;100009;568.75;10;9991446810;B
20240401;100009;568.8;2;9991446811;B
20240401;100009;568.75;36;9991446812;S
20240401;100009;568.75;5;9991446817;S
20240401;100009;568.75;1;9991446818;S
20240401;100009;568.75;2;9991446820;S
20240401;100009;568.8;1;9991446823;B
20240401;100009;568.8;2;9991446826;B
20240401;100009;568.75;1;9991446828;S
20240401;100009;568.8;1;9991446832;B
20240401;100009;568.75;17;9991446846;S
20240401;100009;568.8;1;9991446848;B
20240401;100009;568.8;1;9991446854;B
20240401;100009;568.8;400;9991446865;B
20240401;100009;568.75;11;9991446867;S
20240401;100009;568.75;10;9991446881;S
20240401;100009;568.8;1;9991446889;B
20240401;100009;568.75;9;9991446892;S
20240401;100009;568.8;1;9991446895;B
20240401;100009;568.75;4;9991446899;S
20240401;100009;568.75;1;9991446910;S
20240401;100009;568.8;20;9991446917;B
20240401;100009;568.8;1;9991446920;B
20240401;100009;568.75;4;9991446925;S
20240401;100009;568.8;1;9991446932;B
20240401;100009;568.75;1;9991446939;S
20240401;100009;568.8;1;9991446944;B
20240401;100009;568.8;2;9991447300;B
20240401;100009;568.75;1;9991448239;S
20240401;100009;568.75;4;9991448335;S
20240401;100010;568.8;1;9991449175;B
20240401;100010;568.8;1;9991449177;B
20240401;100010;568.8;2;9991449179;B
20240401;100010;568.75;1;9991449180;S
20240401;100010;568.75;2;9991449182;S
20240401;100010;568.75;2;9991449184;S
20240401;100010;568.8;1;9991449196;B
20240401;100010;568.8;35;9991449203;B
20240401;100010;568.8;5;9991449204;B
20240401;100010;568.8;2;9991449207;B
20240401;100010;568.8;2;9991449208;B
20240401;100010;568.75;2;9991449211;S
20240401;100010;568.75;4;9991449212;S
20240401;100010;568.75;1;9991449214;S
20240401;100010;568.8;1;9991449223;B
20240401;100010;568.8;2;9991449224;B
20240401;100010;568.8;1;9991449226;B
20240401;100010;568.8;1;9991449227;B
20240401;100010;568.8;1;9991449230;B
20240401;100010;568.8;1;9991449231;B
20240401;100010;568.8;1;9991449232;B
20240401;100010;568.8;1;9991449238;B
20240401;100010;568.8;1;9991449239;B
20240401;100010;568.75;1;9991449240;S
20240401;100010;568.8;2;9991449241;B
20240401;100010;568.8;2;9991449243;B
20240401;100010;568.8;1;9991449244;B
20240401;100010;568.8;2;9991449245;B
20240401;100010;568.8;2;9991449251;B
20240401;100010;568.8;1;9991449252;B
20240401;100010;568.75;2;9991449253;S
20240401;100010;568.8;10;9991449255;B
20240401;100010;568.75;1;9991449256;S
20240401;100010;568.8;2;9991449257;B
20240401;100010;568.75;2;9991449258;S
20240401;100010;568.75;2;9991449259;S
20240401;100010;568.75;1;9991449260;S
20240401;100010;568.75;2;9991449261;S
20240401;100010;568.75;1;9991449262;S
20240401;100010;568.8;1;9991449263;B
20240401;100010;568.75;2;9991449264;S
20240401;100010;568.75;2;9991449265;S
20240401;100010;568.75;2;9991449266;S
20240401;100010;568.75;1;9991449268;S
20240401;100010;568.75;2;9991449269;S
20240401;100010;568.8;1;9991449270;B
20240401;100010;568.8;7;9991449271;B
20240401;100010;568.75;1;9991449272;S
20240401;100010;568.8;2;9991449273;B
20240401;100010;568.8;1;9991449274;B
20240401;100010;568.8;1;9991449275;B
20240401;100010;568.75;2;9991449276;S
20240401;100010;568.8;2;9991449277;B
20240401;100010;568.75;2;9991449278;S
20240401;100010;568.8;1;9991449280;B
20240401;100010;568.8;1;9991449281;B
20240401;100010;568.8;2;9991449282;B
20240401;100010;568.75;2;9991449284;S
20240401;100010;568.75;1;9991449285;S
20240401;100010;568.8;1;9991449286;B
20240401;100010;568.8;9;9991449287;B
20240401;100010;568.75;2;9991449288;S
20240401;100010;568.75;2;9991449289;S
20240401;100010;568.8;5;9991449290;B
20240401;100010;568.75;2;9991449291;S
20240401;100010;568.8;2;9991449293;B
20240401;100010;568.8;1;9991449294;B
20240401;100010;568.8;2;9991449295;B
20240401;100010;568.8;2;9991449296;B
20240401;100010;568.75;2;9991449297;S
20240401;100010;568.8;10;9991449298;B
20240401;100010;568.8;2;9991449299;B
20240401;100010;568.8;1;9991449300;B
20240401;100010;568.8;2;9991449301;B
20240401;100010;568.8;10;9991449302;B
20240401;100010;568.75;1;9991449303;S
20240401;100010;568.8;2;9991449304;B
20240401;100010;568.8;8;9991449305;B
20240401;100010;568.8;1;9991449309;B
20240401;100010;568.8;2;9991449310;B
20240401;100010;568.75;2;9991449311;S
20240401;100010;568.75;2;9991449312;S
20240401;100010;568.8;2;9991449314;B
20240401;100010;568.8;1;9991449315;B
20240401;100010;568.8;1;9991449316;B
20240401;100010;568.75;2;9991449317;S
20240401;100010;568.75;2;9991449320;S
20240401;100010;568.8;20;9991449324;B
20240401;100010;568.75;1;9991449325;S
20240401;100010;568.75;7;9991449331;S
20240401;100010;568.8;1;9991449332;B
20240401;100010;568.75;2;9991449333;S
20240401;100010;568.75;4;9991449334;S
20240401;100010;568.8;11;9991449337;B
20240401;100010;568.8;1;9991449338;B
20240401;100010;568.8;1;9991449339;B
20240401;100010;568.75;2;9991449346;S
20240401;100010;568.8;2;9991449347;B
20240401;100010;568.75;25;9991449348;S
20240401;100010;568.75;2;9991449349;S
20240401;100010;568.8;1;9991449354;B
20240401;100010;568.75;1;9991449523;S
20240401;100010;568.8;1;9991449535;B
20240401;100010;568.8;1;9991449548;B
20240401;100010;568.75;1;9991449561;S
20240401;100010;568.8;1;9991449572;B
20240401;100010;568.75;2;9991449592;S
20240401;100010;568.75;12;9991449609;S
20240401;100010;568.8;2;9991449630;B
20240401;100010;568.8;1;9991449736;B
20240401;100010;568.8;1;9991449752;B
20240401;100010;568.8;1;9991449764;B
20240401;100010;568.8;2;9991449778;B
20240401;100010;568.8;1;9991449789;B
20240401;100010;568.8;1;9991449797;B
20240401;100010;568.75;1;9991449803;S
20240401;100010;568.75;2;9991449809;S
20240401;100010;568.8;1;9991449814;B
20240401;100010;568.75;2;9991449824;S
20240401;100010;568.75;1;9991449831;S
20240401;100010;568.75;2;9991449834;S
20240401;100010;568.75;1;9991449841;S
20240401;100010;568.8;1;9991449846;B
20240401;100010;568.8;1;9991449854;B
20240401;100010;568.8;1;9991449859;B
20240401;100010;568.8;1;9991449864;B
20240401;100010;568.8;1;9991449868;B
20240401;100010;568.8;1;9991449873;B
20240401;100010;568.8;2;9991449882;B
20240401;100010;568.8;1;9991449889;B
20240401;100010;568.8;1;9991449896;B
20240401;100010;568.75;1;9991449901;S
20240401;100010;568.8;2;9991449906;B
20240401;100010;568.8;1;9991449909;B
20240401;100010;568.75;77;9991449911;S
20240401;100010;568.75;2;9991449916;S
20240401;100010;568.8;2;9991449923;B
20240401;100010;568.8;1;9991449931;B
20240401;100010;568.75;2;9991449935;S
20240401;100010;568.75;2;9991449940;S
20240401;100010;568.8;3;9991449951;B
20240401;100010;568.8;16;9991449956;B
20240401;100010;568.75;2;9991449962;S
20240401;100010;568.75;2;9991449967;S
20240401;100010;568.8;1;9991449973;B
20240401;100010;568.75;10;9991449981;S
20240401;100010;568.75;1;9991449990;S
20240401;100010;568.75;1;9991449994;S
20240401;100010;568.8;2;9991450004;B
20240401;100010;568.8;29;9991450649;B
20240401;100010;568.8;1;9991450784;B
20240401;100010;568.75;1;9991450792;S
20240401;100010;568.8;1;9991450793;B
20240401;100010;568.75;3;9991450794;S
20240401;100010;568.75;2;9991450796;S
20240401;100010;568.8;2;9991450808;B
20240401;100010;568.8;2;9991450814;B
20240401;100010;568.8;2;9991450821;B
20240401;100010;568.8;1;9991450822;B
20240401;100010;568.75;2;9991450824;S
20240401;100010;568.75;2;9991450825;S
20240401;100010;568.75;2;9991450829;S
20240401;100010;568.8;1;9991450911;B
20240401;100010;568.75;1;9991450912;S
20240401;100010;568.75;2;9991450925;S
20240401;100010;568.8;1;9991450926;B
20240401;100010;568.8;10;9991450928;B
20240401;100010;568.8;1;9991450930;B
20240401;100010;568.75;1;9991450932;S
20240401;100010;568.75;2;9991450936;S
20240401;100010;568.75;2;9991450937;S
20240401;100010;568.75;2;9991450939;S
20240401;100010;568.75;2;9991450942;S
20240401;100010;568.75;2;9991450943;S
20240401;100010;568.75;3;9991450948;S
20240401;100010;568.8;1;9991450950;B
20240401;100010;568.8;2;9991450951;B
20240401;100010;568.8;1;9991450954;B
20240401;100010;568.8;2;9991450955;B
20240401;100010;568.75;2;9991450956;S
20240401;100010;568.8;1;9991450958;B
20240401;100010;568.8;1;9991450959;B
20240401;100010;568.8;1;9991450960;B
20240401;100010;568.8;2;9991450961;B
20240401;100010;568.8;1;9991450964;B
20240401;100010;568.75;2;9991450966;S
20240401;100010;568.8;2;9991450967;B
20240401;100010;568.8;2;9991450968;B
20240401;100010;568.8;10;9991450969;B
20240401;100010;568.8;88;9991450970;B
20240401;100010;568.8;2;9991450973;B
20240401;100010;568.8;1;9991450974;B
20240401;100010;568.75;1;9991450975;S
20240401;100010;568.75;2;9991450977;S
20240401;100010;568.75;2;9991450978;S
20240401;100010;568.8;1;9991450979;B
20240401;100010;568.75;2;9991450980;S
20240401;100010;568.75;2;9991450981;S
20240401;100010;568.8;1;9991450982;B
20240401;100010;568.75;1;9991450985;S
20240401;100010;568.8;1;9991450986;B
20240401;100010;568.8;2;9991450987;B
20240401;100010;568.8;2;9991450989;B
20240401;100010;568.75;2;9991450990;S
20240401;100010;568.75;1;9991450991;S
20240401;100010;568.75;1;9991450992;S
20240401;100010;568.8;2;9991450993;B
20240401;100010;568.8;2;9991450995;B
20240401;100010;568.8;1;9991450996;B
20240401;100010;568.75;1;9991450997;S
20240401;100010;568.75;1;9991450999;S
20240401;100010;568.8;1;9991451000;B
20240401;100010;568.75;1;9991451006;S
20240401;100010;568.75;2;9991451007;S
20240401;100010;568.8;1;9991451008;B
20240401;100010;568.75;1;9991451009;S
20240401;100010;568.8;1;9991451013;B
20240401;100010;568.75;1;9991451014;S
20240401;100010;568.8;2;9991451017;B
20240401;100010;568.8;1;9991451018;B
20240401;100010;568.8;2;9991451021;B
20240401;100010;568.8;1;9991451022;B
20240401;100010;568.75;2;9991451024;S
20240401;100010;568.8;1;9991451026;B
20240401;100010;568.75;2;9991451027;S
20240401;100010;568.8;17;9991451029;B
20240401;100010;568.75;2;9991451044;S
20240401;100010;568.8;1;9991451048;B
20240401;100010;568.8;1;9991451049;B
20240401;100010;568.75;2;9991451050;S
20240401;100010;568.8;2;9991451051;B
20240401;100010;568.8;1;9991451056;B
20240401;100010;568.8;7;9991451058;B
20240401;100010;568.75;2;9991451060;S
20240401;100010;568.8;1;9991451062;B
20240401;100010;568.75;2;9991451063;S
20240401;100010;568.8;2;9991451066;B
20240401;100010;568.8;2;9991451067;B
20240401;100010;568.8;2;9991451069;B
20240401;100010;568.75;2;9991451073;S
20240401;100010;568.75;2;9991451074;S
20240401;100010;568.75;2;9991451076;S
20240401;100010;568.8;2;9991451077;B
20240401;100010;568.8;3;9991451078;B
20240401;100010;568.8;1;9991451079;B
20240401;100010;568.75;2;9991451080;S
20240401;100010;568.8;1;9991451081;B
20240401;100010;568.8;3;9991451082;B
20240401;100010;568.75;1;9991451083;S
20240401;100010;568.8;1;9991451086;B
20240401;100010;568.8;1;9991451089;B
20240401;100010;568.8;5;9991451092;B
20240401;100010;568.8;1;9991451093;B
20240401;100010;568.8;1;9991451094;B
20240401;100010;568.75;2;9991451096;S
20240401;100010;568.75;2;9991451097;S
20240401;100010;568.75;2;9991451098;S
20240401;100010;568.8;1;9991451099;B
20240401;100010;568.75;1;9991451107;S
20240401;100010;568.8;2;9991451108;B
20240401;100010;568.75;2;9991451110;S
20240401;100010;568.75;2;9991451112;S
20240401;100010;568.75;3;9991451113;S
20240401;100010;568.75;2;9991451114;S
20240401;100010;568.8;1;9991451116;B
20240401;100010;568.8;1;9991451117;B
20240401;100010;568.8;2;9991451118;B
20240401;100010;568.8;2;9991451120;B
20240401;100010;568.8;1;9991451121;B
20240401;100010;568.75;2;9991451124;S
20240401;100010;568.8;1;9991451126;B
20240401;100010;568.8;2;9991451127;B
20240401;100010;568.75;1;9991451130;S
20240401;100010;568.75;1;9991451131;S
20240401;100010;568.75;2;9991451133;S
20240401;100010;568.75;2;9991451134;S
20240401;100010;568.75;2;9991451135;S
20240401;100010;568.75;1;9991451137;S
20240401;100010;568.75;2;9991451138;S
20240401;100010;568.8;2;9991451139;B
20240401;100010;568.75;1;9991451141;S
20240401;100010;568.8;1;9991451143;B
20240401;100010;568.75;38;9991451144;S
20240401;100010;568.8;1;9991451146;B
20240401;100010;568.8;1;9991451149;B
20240401;100010;568.75;1;9991451150;S
20240401;100010;568.75;2;9991451154;S
20240401;100010;568.8;2;9991451155;B
20240401;100010;568.75;3;9991451158;S
20240401;100010;568.75;2;9991451167;S
20240401;100010;568.8;1;9991451168;B
20240401;100010;568.75;2;9991451170;S
20240401;100010;568.75;2;9991451172;S
20240401;100010;568.75;2;9991451174;S
20240401;100010;568.75;3;9991451184;S
20240401;100010;568.75;2;9991451195;S
20240401;100010;568.75;2;9991451201;S
20240401;100010;568.8;2;9991451207;B
20240401;100010;568.75;3;9991451211;S
20240401;100010;568.75;4;9991451212;S
20240401;100010;568.8;57;9991451285;B
20240401;100011;568.8;2;9991451366;B
20240401;100011;568.75;2;9991451467;S
20240401;100011;568.8;1;9991451479;B
20240401;100011;568.8;1;9991451491;B
20240401;100011;568.8;1;9991451511;B
20240401;100011;568.8;2;9991451524;B
20240401;100011;568.8;1;9991451533;B
20240401;100011;568.75;2;9991451547;S
20240401;100011;568.8;1;9991451554;B
20240401;100011;568.75;2;9991451557;S
20240401;100011;568.75;1;9991451581;S
20240401;100011;568.75;2;9991451585;S
20240401;100011;568.75;2;9991451590;S
20240401;100011;568.8;1;9991451596;B
20240401;100011;568.8;1;9991451608;B
20240401;100011;568.8;2;9991451609;B
20240401;100011;568.75;2;9991451623;S
20240401;100011;568.8;1;9991451645;B
20240401;100011;568.75;1;9991451649;S
20240401;100011;568.8;1;9991451658;B
20240401;100011;568.75;2;9991451664;S
20240401;100011;568.75;2;9991451670;S
20240401;100011;568.75;1;9991451675;S
20240401;100011;568.75;1;9991451680;S
20240401;100011;568.8;2;9991451693;B
20240401;100011;568.8;1;9991451695;B
20240401;100011;568.75;1;9991451704;S
20240401;100011;568.75;1;9991451705;S
20240401;100011;568.8;1;9991451718;B
20240401;100011;568.8;1;9991451719;B
20240401;100011;568.8;2;9991451753;B
20240401;100011;568.8;1;9991451754;B
20240401;100011;568.8;2;9991451763;B
20240401;100011;568.8;2;9991451771;B
20240401;100011;568.8;2;9991451774;B
20240401;100011;568.8;2;9991451786;B
20240401;100011;568.8;1;9991451788;B
20240401;100011;568.75;2;9991451790;S
20240401;100011;568.8;2;9991451796;B
20240401;100011;568.75;1;9991451798;S
20240401;100011;568.8;1;9991451800;B
20240401;100011;568.75;2;9991451805;S
20240401;100011;568.8;2;9991451807;B
20240401;100011;568.8;23;9991451808;B
20240401;100011;568.75;1;9991451815;S
20240401;100011;568.75;2;9991451816;S
20240401;100011;568.75;2;9991451826;S
20240401;100011;568.75;2;9991451827;S
20240401;100011;568.8;1;9991451829;B
20240401;100011;568.8;1;9991451838;B
20240401;100011;568.8;1;9991451840;B
20240401;100011;568.8;1;9991451849;B
20240401;100011;568.8;1;9991451852;B
20240401;100011;568.75;2;9991451856;S
20240401;100011;568.8;1;9991451858;B
20240401;100011;568.75;2;9991451901;S
20240401;100011;568.75;1;9991451905;S
20240401;100011;568.8;1;9991451906;B
20240401;100011;568.75;1;9991451916;S
20240401;100011;568.75;2;9991451918;S
20240401;100011;568.8;1;9991451926;B
20240401;100011;568.8;1;9991451927;B
20240401;100011;568.75;2;9991451928;S
20240401;100011;568.75;1;9991451949;S
20240401;100011;568.75;1;9991451950;S
20240401;100011;568.75;2;9991451955;S
20240401;100011;568.8;1;9991451958;B
20240401;100011;568.75;2;9991451973;S
20240401;100011;568.8;17;9991451974;B
20240401;100011;568.75;4;9991451979;S
20240401;100011;568.75;6;9991451981;S
20240401;100011;568.8;1;9991451987;B
20240401;100011;568.75;1;9991451990;S
20240401;100011;568.8;1;9991451993;B
20240401;100011;568.75;1;9991451997;S
20240401;100011;568.8;1;9991451999;B
20240401;100011;568.75;2;9991452003;S
20240401;100011;568.75;2;9991452010;S
20240401;100011;568.8;1;9991452015;B
20240401;100011;568.8;1;9991452016;B
20240401;100011;568.75;2;9991452043;S
20240401;100011;568.8;2;9991452046;B
20240401;100011;568.8;1;9991452052;B
20240401;100011;568.75;2;9991452054;S
20240401;100011;568.8;2;9991452060;B
20240401;100011;568.75;3;9991452062;S
20240401;100011;568.75;2;9991452070;S
20240401;100011;568.75;2;9991452076;S
20240401;100011;568.8;1;9991452082;B
20240401;100011;568.75;2;9991452087;S
20240401;100011;568.8;2;9991452088;B
20240401;100011;568.8;4;9991452095;B
20240401;100011;568.8;1;9991452100;B
20240401;100011;568.8;1;9991452104;B
20240401;100011;568.75;48;9991452106;S
20240401;100011;568.8;1;9991452109;B
20240401;100011;568.75;2;9991452112;S
20240401;100011;568.75;2;9991452123;S
20240401;100011;568.8;2;9991452132;B
20240401;100011;568.75;2;9991452141;S
20240401;100011;568.75;2;9991452146;S
20240401;100011;568.75;1;9991452155;S
20240401;100011;568.8;1;9991452165;B
20240401;100011;568.75;7;9991452176;S
20240401;100011;568.8;1;9991452186;B
20240401;100011;568.75;1;9991452191;S
20240401;100011;568.75;1;9991452194;S
20240401;100011;568.75;1;9991452197;S
20240401;100011;568.75;2;9991452200;S
20240401;100011;568.75;2;9991452203;S
20240401;100011;568.75;2;9991452211;S
20240401;100011;568.75;2;9991452347;S
20240401;100011;568.75;1;9991452353;S
20240401;100011;568.8;1;9991452370;B
20240401;100011;568.75;2;9991452381;S
20240401;100011;568.8;1;9991452414;B
20240401;100011;568.75;1;9991452416;S
20240401;100011;568.75;1;9991452421;S
20240401;100011;568.75;2;9991452424;S
20240401;100011;568.75;2;9991452426;S
20240401;100011;568.8;1;9991452432;B
20240401;100011;568.8;1;9991452435;B
20240401;100011;568.8;2;9991452437;B
20240401;100011;568.75;6;9991452439;S
20240401;100011;568.75;1;9991452441;S
20240401;100011;568.75;1;9991452444;S
20240401;100011;568.75;2;9991452445;S
20240401;100011;568.8;1;9991452450;B
20240401;100011;568.75;1;9991452453;S
20240401;100011;568.8;2;9991452456;B
20240401;100011;568.8;2;9991452459;B
20240401;100011;568.8;1;9991452468;B
20240401;100011;568.8;2;9991452471;B
20240401;100011;568.75;1;9991452476;S
20240401;100011;568.75;1;9991452478;S
20240401;100011;568.75;2;9991452480;S
20240401;100011;568.8;2;9991452482;B
20240401;100011;568.75;1;9991452483;S
20240401;100011;568.75;2;9991452484;S
20240401;100011;568.75;1;9991452493;S
20240401;100011;568.8;1;9991452494;B
20240401;100011;568.8;2;9991452495;B
20240401;100011;568.8;5;9991452498;B
20240401;100011;568.75;2;9991452499;S
20240401;100011;568.75;2;9991452500;S
20240401;100011;568.8;1;9991452501;B
20240401;100011;568.75;2;9991452502;S
20240401;100011;568.75;1;9991452503;S
20240401;100011;568.75;2;9991452504;S
20240401;100011;568.8;1;9991452505;B
20240401;100011;568.8;1;9991452506;B
20240401;100011;568.75;2;9991452507;S
20240401;100011;568.75;2;9991452509;S
20240401;100011;568.8;1;9991452511;B
20240401;100011;568.8;1;9991452512;B
20240401;100011;568.8;1;9991452513;B
20240401;100011;568.75;2;9991452514;S
20240401;100011;568.75;2;9991452517;S
20240401;100011;568.75;2;9991452518;S
20240401;100011;568.75;2;9991452519;S
20240401;100011;568.8;2;9991452527;B
20240401;100011;568.75;1;9991452528;S
20240401;100011;568.8;1;9991452531;B
20240401;100011;568.75;2;9991452534;S
20240401;100011;568.75;1;9991452535;S
20240401;100011;568.8;1;9991452539;B
20240401;100011;568.8;2;9991452540;B
20240401;100011;568.8;1;9991452542;B
20240401;100011;568.75;2;9991452543;S
20240401;100011;568.8;1;9991452544;B
20240401;100011;568.8;1;9991452546;B
20240401;100011;568.75;4;9991452548;S
20240401;100011;568.8;4;9991452549;B
20240401;100011;568.75;2;9991452550;S
20240401;100011;568.75;2;9991452551;S
20240401;100011;568.8;17;9991452553;B
20240401;100011;568.8;1;9991452556;B
20240401;100011;568.75;2;9991452557;S
20240401;100011;568.8;1;9991452558;B
20240401;100011;568.75;2;9991452559;S
20240401;100011;568.8;1;9991452564;B
20240401;100011;568.75;1;9991452565;S
20240401;100011;568.75;2;9991452566;S
20240401;100011;568.8;1;9991452569;B
20240401;100011;568.75;4;9991452570;S
20240401;100011;568.8;1;9991452571;B
20240401;100011;568.8;1;9991452573;B
20240401;100011;568.8;1;9991452574;B
20240401;100011;568.75;3;9991452575;S
20240401;100011;568.8;1;9991452576;B
20240401;100011;568.75;1;9991452579;S
20240401;100011;568.75;1;9991452580;S
20240401;100011;568.75;2;9991452581;S
20240401;100011;568.75;2;9991452583;S
20240401;100011;568.8;1;9991452585;B
20240401;100011;568.75;2;9991452586;S
20240401;100011;568.75;1;9991452587;S
20240401;100011;568.8;1;9991452589;B
20240401;100011;568.8;2;9991452590;B
20240401;100011;568.8;2;9991452593;B
20240401;100011;568.8;2;9991452594;B
20240401;100011;568.75;4;9991452595;S
20240401;100011;568.8;3;9991452596;B
20240401;100011;568.8;2;9991452598;B
20240401;100011;568.8;1;9991452599;B
20240401;100011;568.75;2;9991452600;S
20240401;100011;568.75;1;9991452601;S
20240401;100011;568.75;2;9991452605;S
20240401;100011;568.75;2;9991452606;S
20240401;100011;568.8;6;9991452607;B
20240401;100011;568.75;7;9991452608;S
20240401;100011;568.75;2;9991452609;S
20240401;100011;568.8;1;9991452610;B
20240401;100011;568.75;1;9991452611;S
20240401;100011;568.75;1;9991452612;S
20240401;100011;568.8;2;9991452614;B
20240401;100011;568.75;3;9991452615;S
20240401;100011;568.75;3;9991452616;S
20240401;100011;568.75;44;9991452617;S
20240401;100011;568.8;3;9991452619;B
20240401;100011;568.8;1;9991452621;B
20240401;100011;568.8;1;9991452622;B
20240401;100011;568.75;2;9991452623;S
20240401;100011;568.75;2;9991452625;S
20240401;100011;568.8;1;9991452626;B
20240401;100011;568.75;1;9991452627;S
20240401;100011;568.75;1;9991452629;S
20240401;100011;568.75;1;9991452630;S
20240401;100011;568.75;1;9991452635;S
20240401;100011;568.8;1;9991452636;B
20240401;100011;568.8;1;9991452639;B
20240401;100011;568.8;1;9991452641;B
20240401;100011;568.8;2;9991452642;B
20240401;100011;568.75;3;9991452756;S
20240401;100011;568.8;151;9991452973;B
20240401;100011;568.8;206;9991453038;B
20240401;100011;568.8;2;9991453129;B
20240401;100011;568.75;2;9991453130;S
20240401;100011;568.8;1;9991453131;B
20240401;100011;568.8;1;9991453132;B
20240401;100011;568.8;5;9991453133;B
20240401;100011;568.8;5;9991453134;B
20240401;100011;568.75;2;9991453135;S
20240401;100011;568.75;2;9991453136;S
20240401;100011;568.8;2;9991453137;B
20240401;100011;568.75;2;9991453138;S
20240401;100011;568.75;3;9991453139;S
20240401;100011;568.8;1;9991453140;B
20240401;100011;568.75;2;9991453141;S
20240401;100011;568.8;2;9991453145;B
20240401;100011;568.75;2;9991453146;S
20240401;100011;568.75;1;9991453149;S
20240401;100011;568.8;1;9991453151;B
20240401;100011;568.8;1;9991453152;B
20240401;100011;568.75;7;9991453153;S
20240401;100011;568.8;1;9991453158;B
20240401;100011;568.75;2;9991453159;S
20240401;100011;568.8;1;9991453161;B
20240401;100011;568.8;2;9991453162;B
20240401;100011;568.75;2;9991453163;S
20240401;100011;568.75;3;9991453164;S
20240401;100011;568.8;1;9991453165;B
20240401;100011;568.8;1;9991453166;B
20240401;100011;568.8;2;9991453167;B
20240401;100011;568.75;2;9991453168;S
20240401;100011;568.75;1;9991453169;S
20240401;100011;568.8;1;9991453170;B
20240401;100011;568.8;1;9991453171;B
20240401;100011;568.75;2;9991453173;S
20240401;100011;568.75;2;9991453176;S
20240401;100011;568.8;9;9991453177;B
20240401;100011;568.8;2;9991453178;B
20240401;100011;568.8;2;9991453179;B
20240401;100011;568.8;1;9991453180;B
20240401;100011;568.75;2;9991453181;S
20240401;100011;568.8;1;9991453183;B
20240401;100011;568.75;2;9991453185;S
20240401;100011;568.8;2;9991453186;B
20240401;100011;568.8;2;9991453187;B
20240401;100011;568.75;2;9991453188;S
20240401;100011;568.8;2;9991453190;B
20240401;100011;568.75;2;9991453191;S
20240401;100011;568.75;1;9991453194;S
20240401;100011;568.8;2;9991453204;B
20240401;100011;568.8;2;9991453207;B
20240401;100011;568.8;1;9991453208;B
20240401;100011;568.8;3;9991453212;B
20240401;100011;568.8;3;9991453218;B
20240401;100011;568.75;2;9991453220;S
20240401;100011;568.75;1;9991453221;S
20240401;100011;568.8;1;9991453225;B
20240401;100011;568.8;1;9991453226;B
20240401;100011;568.8;1;9991453228;B
20240401;100011;568.75;1;9991453230;S
20240401;100011;568.75;2;9991453232;S
20240401;100011;568.8;1;9991453233;B
20240401;100011;568.75;2;9991453235;S
20240401;100011;568.8;44;9991453238;B
20240401;100011;568.75;6;9991453390;S
20240401;100011;568.8;1;9991453473;B
20240401;100012;568.8;1;9991454107;B
20240401;100012;568.8;1;9991454370;B
20240401;100012;568.75;2;9991454375;S
20240401;100012;568.8;1;9991454381;B
20240401;100012;568.75;2;9991454387;S
20240401;100012;568.8;1;9991454393;B
20240401;100012;568.75;2;9991454412;S
20240401;100012;568.75;2;9991454418;S
20240401;100012;568.8;2;9991454433;B
20240401;100012;568.75;1;9991454440;S
20240401;100012;568.8;1;9991454448;B
20240401;100012;568.8;5;9991454458;B
20240401;100012;568.8;1;9991454468;B
20240401;100012;568.8;1;9991454491;B
20240401;100012;568.75;2;9991454498;S
20240401;100012;568.75;1;9991454507;S
20240401;100012;568.8;2;9991454516;B
20240401;100012;568.8;1;9991454524;B
20240401;100012;568.75;1;9991454530;S
20240401;100012;568.8;1;9991454535;B
20240401;100012;568.75;2;9991454557;S
20240401;100012;568.8;2;9991454586;B
20240401;100012;568.8;1;9991454597;B
20240401;100012;568.75;2;9991454611;S
20240401;100012;568.8;1;9991454627;B
20240401;100012;568.75;18;9991454633;S
20240401;100012;568.8;2;9991454639;B
20240401;100012;568.8;2;9991454656;B
20240401;100012;568.8;2;9991454665;B
20240401;100012;568.8;1;9991454674;B
20240401;100012;568.8;2;9991454692;B
20240401;100012;568.8;2;9991454708;B
20240401;100012;568.75;1;9991454718;S
20240401;100012;568.8;2;9991454726;B
20240401;100012;568.8;2;9991454729;B
20240401;100012;568.75;2;9991454743;S
20240401;100012;568.75;2;9991454752;S
20240401;100012;568.8;1;9991454761;B
20240401;100012;568.75;3;9991454768;S
20240401;100012;568.8;1;9991454775;B
20240401;100012;568.8;2;9991454792;B
20240401;100012;568.75;2;9991454797;S
20240401;100012;568.75;2;9991454805;S
20240401;100012;568.75;1;9991454822;S
20240401;100012;568.75;2;9991454837;S
20240401;100012;568.75;1;9991454847;S
20240401;100012;568.8;1;9991454854;B
20240401;100012;568.75;1;9991454869;S
20240401;100012;568.8;1;9991455600;B
20240401;100013;568.75;2;9991456460;S
20240401;100013;568.75;3;9991456466;S
20240401;100013;568.8;1;9991456469;B
20240401;100013;568.8;1;9991456470;B
20240401;100013;568.75;1;9991456471;S
20240401;100013;568.8;1;9991456473;B
20240401;100013;568.8;1;9991456477;B
20240401;100013;568.8;2;9991456482;B
20240401;100013;568.8;2;9991456483;B
20240401;100013;568.75;5;9991456519;S
20240401;100013;568.8;1;9991457175;B
20240401;100013;568.8;1;9991457176;B
20240401;100013;568.8;16;9991457436;B
20240401;100013;568.85;5;9991457437;B
20240401;100013;568.85;39;9991457438;B
20240401;100013;568.85;61;9991457439;B
20240401;100016;568.9;5;9991458531;B
20240401;100016;568.9;10;9991458532;B
20240401;100016;568.9;85;9991458533;B
20240401;100016;568.9;1;9991458676;B
20240401;100017;568.85;100;9991458981;S
20240401;100017;568.9;174;9991459118;B
20240401;100017;568.95;5;9991459119;B
20240401;100017;568.95;4;9991459120;B
20240401;100017;568.95;1;9991459121;B
20240401;100017;568.95;10;9991459122;B
20240401;100017;568.95;6;9991459123;B
20240401;100017;568.9;21;9991459124;S
20240401;100018;568.95;94;9991459179;B
20240401;100018;568.95;100;9991459180;B
20240401;100018;568.95;1;9991459181;B
20240401;100018;568.95;16;9991459182;B
20240401;100018;568.95;9;9991459183;B
20240401;100018;568.9;2;9991459438;B
20240401;100018;568.85;1;9991459491;S
20240401;100019;568.9;30;9991459506;B
20240401;100019;568.85;1;9991459549;S
20240401;100019;568.85;1;9991459821;S
20240401;100020;568.9;1;9991460126;B
20240401;100021;568.9;1967;9991460328;B
20240401;100021;568.9;2;9991460329;B
20240401;100021;568.95;31;9991460330;B
20240401;100021;568.9;531;9991460336;S
20240401;100021;568.9;28;9991460337;S
20240401;100022;568.9;300;9991460987;S
20240401;100022;568.85;200;9991460988;S
20240401;100022;568.95;3;9991461018;B
20240401;100022;568.9;531;9991461134;S
20240401;100022;568.85;197;9991461135;S
20240401;100022;568.85;50;9991461136;S
20240401;100022;568.85;500;9991461137;S
20240401;100022;568.85;500;9991461138;S
20240401;100022;568.85;500;9991461139;S
20240401;100022;568.85;327;9991461140;S
20240401;100022;568.85;500;9991461141;S
20240401;100022;568.85;500;9991461142;S
20240401;100022;568.85;500;9991461143;S
20240401;100022;568.85;500;9991461144;S
20240401;100022;568.85;500;9991461145;S
20240401;100022;568.85;450;9991461146;S
20240401;100022;568.95;333;9991461361;B
20240401;100023;568.95;1;9991461402;B
20240401;100023;568.85;16;9991461578;S
20240401;100024;568.95;500;9991461735;B
20240401;100024;568.85;34;9991462237;S
20240401;100024;568.8;10;9991462238;S
20240401;100024;568.8;10;9991462239;S
20240401;100024;568.8;10;9991462240;S
20240401;100024;568.8;5;9991462241;S
20240401;100024;568.8;500;9991462242;S
20240401;100025;568.85;2;9991462292;B
20240401;100025;568.75;351;9991462322;S
20240401;100025;568.75;10;9991462323;S
20240401;100025;568.7;3;9991462420;B
20240401;100025;568.65;300;9991462447;S
20240401;100025;568.65;2;9991462497;B
20240401;100026;568.6;5;9991463342;S
20240401;100027;568.65;3;9991463478;B
20240401;100027;568.6;4;9991463511;S
20240401;100027;568.65;9;9991463568;B
20240401;100027;568.6;1;9991463657;S
20240401;100027;568.65;10;9991463753;B
20240401;100028;568.65;1;9991464102;B
20240401;100029;568.65;10;9991464688;B
20240401;100030;568.65;705;9991464993;B
20240401;100030;568.6;237;9991464998;S
20240401;100030;568.65;400;9991465230;B
20240401;100031;568.65;1;9991465545;B
20240401;100031;568.65;5;9991465650;B
20240401;100031;568.65;3;9991465732;B
20240401;100031;568.65;88;9991465796;B
20240401;100032;568.6;2;9991466006;S
20240401;100032;568.65;1265;9991466231;B
20240401;100032;568.65;289;9991466232;B
20240401;100032;568.65;531;9991466233;B
20240401;100032;568.65;1;9991466234;B
20240401;100032;568.65;1000;9991466235;B
20240401;100032;568.65;395;9991466236;B
20240401;100032;568.75;2;9991466237;B
20240401;100032;568.8;1000;9991466238;B
20240401;100032;568.85;100;9991466239;B
20240401;100032;568.9;50;9991466240;B
20240401;100032;568.9;30;9991466241;B
20240401;100032;568.9;140;9991466242;B
20240401;100032;568.95;522;9991466243;B
20240401;100032;568.95;5;9991466244;B
20240401;100032;568.95;1;9991466245;B
20240401;100032;568.95;1;9991466246;B
20240401;100032;568.95;140;9991466247;B
20240401;100032;568.95;1;9991466248;B
20240401;100032;568.95;500;9991466249;B
20240401;100032;569;5;9991466252;B
20240401;100032;569;50;9991466253;B
20240401;100032;569;1;9991466254;B
20240401;100032;569;1;9991466255;B
20240401;100032;569;100;9991466256;B
20240401;100032;569;1;9991466257;B
20240401;100032;569;12;9991466258;B
20240401;100032;569;14;9991466259;B
20240401;100032;569;16;9991466260;B
20240401;100032;569;1;9991466263;B
20240401;100032;569;120;9991466264;B
20240401;100032;569;1;9991466265;B
20240401;100032;569;2;9991466266;B
20240401;100032;569;13;9991466267;B
20240401;100032;569;99;9991466268;B
20240401;100032;569;200;9991466269;B
20240401;100032;569;5;9991466270;B
20240401;100032;569;138;9991466271;B
20240401;100032;569;21;9991466272;B
20240401;100032;569;79;9991466273;B
20240401;100032;569;15;9991466274;B
20240401;100032;569;5;9991466275;B
20240401;100032;569;1;9991466276;B
20240401;100032;569;170;9991466277;B
20240401;100032;569;15;9991466278;B
20240401;100032;569;2;9991466279;B
20240401;100032;569;5;9991466280;B
20240401;100032;569;35;9991466281;B
20240401;100032;569;23;9991466282;B
20240401;100032;569;9;9991466283;B
20240401;100032;569;41;9991466284;B
20240401;100032;569;85;9991466286;B
20240401;100032;569;100;9991466287;B
20240401;100032;569;1;9991466288;B
20240401;100032;569;216;9991466289;B
20240401;100032;569;1000;9991466290;B
20240401;100032;569;718;9991466291;B
20240401;100032;569;10;9991466292;B
20240401;100032;569;272;9991466293;B
20240401;100032;569;259;9991466294;B
20240401;100032;569;395;9991466295;B
20240401;100032;569;4;9991466429;S
20240401;100032;569;3;9991466438;S
20240401;100033;569.05;5;9991466494;B
20240401;100033;569.05;100;9991466495;B
20240401;100033;569.05;395;9991466496;B
20240401;100033;569.1;5;9991466499;B
20240401;100033;569.1;21;9991466500;B
20240401;100033;569.1;74;9991466501;B
20240401;100033;569.05;1;9991466546;S
20240401;100033;569.05;9;9991466570;S
20240401;100033;569.05;50;9991466584;S
20240401;100033;569.05;75;9991466586;S
20240401;100033;569.1;1;9991466643;B
20240401;100033;569.05;3;9991466663;S
20240401;100033;569.1;3;9991466708;B
20240401;100033;569.05;362;9991466709;S
20240401;100033;569.05;343;9991466710;S
20240401;100033;569.05;25;9991466805;S
20240401;100033;569.05;1;9991466858;S
20240401;100033;569.05;1;9991466886;S
20240401;100033;569.05;3;9991466887;S
20240401;100033;569.05;25;9991466895;S
20240401;100033;569.1;531;9991466896;B
20240401;100033;569.15;5;9991466897;B
20240401;100033;569.15;464;9991466898;B
20240401;100033;569.15;200;9991466899;B
20240401;100033;569.05;25;9991466941;S
20240401;100034;569.15;331;9991466943;B
20240401;100034;569.15;80;9991466944;S
20240401;100034;569.15;45;9991466961;S
20240401;100034;569.15;100;9991466968;S
20240401;100034;569.15;5;9991467012;S
20240401;100034;569.15;20;9991467014;S
20240401;100034;569.2;6;9991467125;B
20240401;100034;569.2;4;9991467126;B
20240401;100034;569.2;1;9991467161;B
20240401;100034;569.2;7;9991467162;B
20240401;100034;569.15;10;9991467177;S
20240401;100034;569.15;1;9991467212;S
20240401;100034;569.15;229;9991467214;S
20240401;100034;569.15;1;9991467265;S
20240401;100034;569.15;3;9991467273;S
20240401;100034;569.15;1;9991467373;S
20240401;100035;569.2;3;9991467390;B
20240401;100035;569.2;171;9991467391;B
20240401;100035;569.2;206;9991467392;B
20240401;100035;569.2;142;9991467393;S
20240401;100035;569.2;100;9991467470;S
20240401;100035;569.25;5;9991467487;B
20240401;100035;569.25;5;9991467488;B
20240401;100035;569.25;130;9991467489;B
20240401;100035;569.25;1;9991467490;B
20240401;100035;569.25;25;9991467491;B
20240401;100035;569.25;10;9991467492;B
20240401;100035;569.25;5;9991467493;B
20240401;100035;569.25;531;9991467494;B
20240401;100035;569.3;5;9991467495;B
20240401;100035;569.3;283;9991467496;B
20240401;100035;569.2;1;9991467542;S
20240401;100035;569.2;1;9991467556;S
20240401;100035;569.25;231;9991467634;B
20240401;100035;569.2;22;9991467731;S
20240401;100035;569.2;17;9991467738;S
20240401;100036;569.25;300;9991467753;B
20240401;100036;569.25;700;9991467908;S
20240401;100036;569.25;88;9991467909;S
20240401;100036;569.25;339;9991467910;S
20240401;100036;569.25;289;9991467911;S
20240401;100036;569.1;300;9991467912;S
20240401;100036;569.1;172;9991467913;S
20240401;100036;569.05;35;9991467914;S
20240401;100036;569;1;9991467915;S
20240401;100036;569;4;9991467916;S
20240401;100037;568.95;3;9991468391;S
20240401;100037;569;20;9991468625;B
20240401;100038;569;1;9991468882;B
20240401;100038;568.95;19;9991468999;S
20240401;100038;569;500;9991469103;B
20240401;100039;568.95;4;9991469160;S
20240401;100039;569;10;9991469253;B
20240401;100040;568.95;14;9991469518;S
20240401;100041;569;2;9991470053;B
20240401;100041;569;2539;9991470056;B
20240401;100041;569;531;9991470057;B
20240401;100041;569.05;289;9991470058;B
20240401;100041;569.05;200;9991470059;B
20240401;100041;569.1;35;9991470060;B
20240401;100041;569.15;1000;9991470061;B
20240401;100041;569.25;140;9991470062;B
20240401;100041;569.25;4;9991470063;B
20240401;100041;569.25;395;9991470064;B
20240401;100041;569.3;717;9991470065;B
20240401;100041;569.3;5;9991470066;B
20240401;100041;569.3;3;9991470067;B
20240401;100041;569.3;175;9991470068;B
20240401;100041;569.3;1000;9991470069;B
20240401;100041;569.3;140;9991470070;B
20240401;100041;569.35;5;9991470071;B
20240401;100041;569.35;140;9991470072;B
20240401;100041;569.4;5;9991470073;B
20240401;100041;569.4;3;9991470074;B
20240401;100041;569.4;1;9991470075;B
20240401;100041;569.4;250;9991470076;B
20240401;100041;569.4;250;9991470077;B
20240401;100041;569.4;1;9991470078;B
20240401;100041;569.4;30;9991470079;B
20240401;100041;569.4;4;9991470080;B
20240401;100041;569.45;5;9991470081;B
20240401;100041;569.45;20;9991470082;B
20240401;100041;569.45;2;9991470083;B
20240401;100041;569.45;1;9991470084;B
20240401;100041;569.45;2;9991470085;B
20240401;100041;569.45;305;9991470086;B
20240401;100041;569.45;5;9991470087;B
20240401;100041;569.5;1;9991470088;B
20240401;100041;569.5;5;9991470089;B
20240401;100041;569.5;1;9991470090;B
20240401;100041;569.5;1;9991470091;B
20240401;100041;569.5;2;9991470092;B
20240401;100041;569.5;10;9991470093;B
20240401;100041;569.5;1000;9991470094;B
20240401;100041;569.5;19;9991470095;B
20240401;100041;569.5;5;9991470096;B
20240401;100041;569.55;5;9991470097;B
20240401;100041;569.55;10;9991470098;B
20240401;100041;569.55;5;9991470099;B
20240401;100041;569.55;1;9991470100;B
20240401;100041;569.55;280;9991470101;B
20240401;100041;569.6;5;9991470102;B
20240401;100041;569.6;100;9991470103;B
20240401;100041;569.6;100;9991470104;B
20240401;100041;569.6;5;9991470105;B
20240401;100041;569.6;796;9991470106;B
20240401;100041;569.6;531;9991470107;B
20240401;100041;569.65;5;9991470108;B
20240401;100041;569.65;2;9991470109;B
20240401;100041;569.65;1;9991470110;B
20240401;100041;569.65;2;9991470111;B
20240401;100041;569.65;800;9991470112;B
20240401;100041;569.65;5;9991470113;B
20240401;100041;569.65;1100;9991470114;B
20240401;100041;569.7;5;9991470115;B
20240401;100041;569.7;3000;9991470116;B
20240401;100041;569.7;10;9991470117;B
20240401;100041;569.7;5;9991470118;B
20240401;100041;569.75;5;9991470119;B
20240401;100041;569.75;50;9991470120;B
20240401;100041;569.75;10;9991470121;B
20240401;100041;569.75;20;9991470122;B
20240401;100041;569.75;5;9991470123;B
20240401;100041;569.8;5;9991470124;B
20240401;100041;569.8;1;9991470125;B
20240401;100041;569.8;2;9991470126;B
20240401;100041;569.8;10;9991470127;B
20240401;100041;569.8;10;9991470128;B
20240401;100041;569.8;1;9991470129;B
20240401;100041;569.8;262;9991470130;B
20240401;100041;569.45;289;9991470168;S
20240401;100041;569.4;35;9991470169;S
20240401;100041;569.3;176;9991470170;S
20240401;100041;569.35;180;9991470183;S
20240401;100041;569.35;109;9991470203;S
20240401;100041;569.3;24;9991470204;S
20240401;100041;569.3;35;9991470205;S
20240401;100041;569.25;395;9991470206;S
20240401;100041;569.2;10;9991470207;S
20240401;100041;569.15;1592;9991470208;S
20240401;100041;569.1;140;9991470209;S
20240401;100041;569.1;695;9991470210;S
20240401;100041;569.2;289;9991470243;B
20240401;100041;569.25;35;9991470244;B
20240401;100041;569.25;531;9991470245;B
20240401;100041;569.3;1000;9991470246;B
20240401;100041;569.5;395;9991470247;B
20240401;100041;569.55;140;9991470248;B
20240401;100041;569.55;320;9991470249;B
20240401;100041;569.6;140;9991470250;B
20240401;100041;569.65;140;9991470251;B
20240401;100041;569.75;10;9991470252;B
20240401;100042;569.15;30;9991470498;S
20240401;100042;569.35;27;9991470511;B
20240401;100042;569.15;5;9991470513;S
20240401;100042;569.1;15;9991470514;S
20240401;100042;569.05;289;9991470516;S
20240401;100042;569.05;35;9991470517;S
20240401;100042;569;140;9991470518;S
20240401;100042;569;395;9991470519;S
20240401;100042;568.95;1341;9991470520;S
20240401;100042;569;10;9991470521;B
20240401;100042;569;130;9991470532;S
20240401;100042;569;35;9991470533;S
20240401;100042;569;52;9991470534;S
20240401;100042;569.1;2;9991470535;B
20240401;100042;569.1;2;9991470538;B
20240401;100042;569.1;1;9991470540;B
20240401;100042;569.25;420;9991470541;B
20240401;100042;569.25;2;9991470547;B
20240401;100042;569.25;60;9991470566;B
20240401;100042;569;1;9991470572;S
20240401;100042;569;200;9991470739;S
20240401;100042;569.1;36;9991470740;B
20240401;100042;569.1;14;9991470741;B
20240401;100042;569.1;517;9991470765;B
20240401;100042;569.1;289;9991470766;B
20240401;100042;569.1;35;9991470767;B
20240401;100042;569.15;457;9991470768;B
20240401;100042;569.3;395;9991470769;B
20240401;100042;569.4;50;9991470770;B
20240401;100042;569.45;1;9991470771;B
20240401;100042;569.45;140;9991470772;B
20240401;100042;569.5;685;9991470773;B
20240401;100042;569.5;31;9991470774;B
20240401;100042;569.4;2;9991470797;B
20240401;100042;569.15;1;9991470840;S
20240401;100043;569.35;35;9991470900;B
20240401;100043;569.35;113;9991470901;B
20240401;100043;569.4;52;9991470902;B
20240401;100043;569.35;1;9991470920;B
20240401;100043;569.35;7;9991470930;B
20240401;100043;569.4;43;9991470931;B
20240401;100043;569.15;1;9991471025;S
20240401;100043;569.35;1;9991471119;B
20240401;100043;569.4;199;9991471120;B
20240401;100044;569.35;1;9991471266;B
20240401;100044;569.35;49;9991471351;B
20240401;100044;569.4;48;9991471352;B
20240401;100044;569.4;83;9991471353;B
20240401;100044;569.25;1;9991471373;S
20240401;100044;569.35;1;9991471379;B
20240401;100044;569.4;149;9991471380;B
20240401;100044;569.25;28;9991471509;S
20240401;100045;569.2;50;9991471558;S
20240401;100045;569.35;28;9991471657;B
20240401;100045;569.4;59;9991471658;B
20240401;100045;569.45;1;9991471725;B
20240401;100046;569.4;1;9991471905;B
20240401;100046;569.45;3;9991472002;B
20240401;100046;569.45;1;9991472248;B
20240401;100046;569.2;1;9991472322;S
20240401;100047;569.3;1;9991472346;B
20240401;100047;569.3;100;9991472347;B
20240401;100047;569.15;1;9991472442;S
20240401;100048;569.15;5;9991472727;S
20240401;100048;569.3;2;9991472872;B
20240401;100048;569.15;29;9991472873;S
20240401;100048;569.15;21;9991472874;S
20240401;100049;569.3;8;9991473135;B
20240401;100049;569.3;5;9991473379;B
20240401;100049;569.15;200;9991473414;S
20240401;100049;569.15;68;9991473415;S
20240401;100049;569.1;132;9991473416;S
20240401;100050;569.1;3;9991473603;S
20240401;100051;569.25;45;9991473995;B
20240401;100051;569.3;184;9991473996;B
20240401;100051;569.3;1;9991473997;B
20240401;100051;569.35;289;9991473998;B
20240401;100051;569.4;5;9991473999;B
20240401;100051;569.45;526;9991474000;B
20240401;100051;569.45;667;9991474001;B
20240401;100051;569.4;1;9991474021;B
20240401;100051;569.4;19;9991474128;B
20240401;100052;569.3;1;9991474361;S
20240401;100052;569.4;14;9991474478;B
20240401;100052;569.45;86;9991474479;B
20240401;100052;569.3;4;9991474587;S
20240401;100053;569.3;2;9991474645;S
20240401;100053;569.45;1;9991474649;B
20240401;100053;569.45;12;9991474650;B
20240401;100054;569.3;3;9991475175;S
20240401;100054;569.4;2;9991475201;B
20240401;100055;569.25;1;9991475376;S
20240401;100055;569.25;2;9991475608;S
20240401;100056;569.35;531;9991475853;B
20240401;100056;569.4;469;9991475854;B
20240401;100056;569.35;40;9991476085;B
20240401;100056;569.35;2;9991476096;B
20240401;100056;569.35;10;9991476109;B
20240401;100056;569.3;395;9991476111;S
20240401;100056;569.3;105;9991476112;S
20240401;100057;569.3;3;9991476149;S
20240401;100057;569.35;1;9991476331;B
20240401;100057;569.35;35;9991476519;B
20240401;100058;569.35;5;9991476657;B
20240401;100058;569.3;300;9991476729;S
20240401;100059;569.3;92;9991477261;S
20240401;100059;569.25;58;9991477262;S
20240401;100100;569.35;9;9991477327;B
20240401;100100;569.3;10;9991477339;S
20240401;100100;569.3;1;9991477383;S
20240401;100100;569.3;7;9991477422;S
20240401;100100;569.3;50;9991477441;S
20240401;100100;569.3;5;9991477499;S
20240401;100101;569.3;48;9991477746;S
20240401;100101;569.3;274;9991477804;S
20240401;100104;569.3;2;9991478952;B
20240401;100104;569.25;50;9991479112;S
20240401;100104;569.3;224;9991479135;B
20240401;100104;569.3;289;9991479136;B
20240401;100104;569.35;315;9991479137;B
20240401;100104;569.35;289;9991479138;B
20240401;100104;569.4;727;9991479139;B
20240401;100104;569.4;156;9991479140;B
20240401;100105;569.4;844;9991479414;B
20240401;100105;569.4;289;9991479415;B
20240401;100105;569.45;288;9991479416;B
20240401;100105;569.5;19;9991479417;B
20240401;100105;569.5;355;9991479418;B
20240401;100105;569.5;205;9991479419;B
20240401;100106;569.5;20;9991479854;B
20240401;100106;569.5;277;9991479867;B
20240401;100106;569.5;5;9991479868;B
20240401;100107;569.45;2;9991479924;S
20240401;100107;569.45;200;9991479987;S
20240401;100107;569.5;10;9991480017;B
20240401;100107;569.5;10;9991480032;B
20240401;100107;569.5;1;9991480207;B
20240401;100108;569.45;2;9991480413;S
20240401;100108;569.45;1;9991480615;S
20240401;100110;569.5;2;9991480996;B
20240401;100110;569.45;5;9991481023;S
20240401;100110;569.5;100;9991481039;B
20240401;100110;569.5;10;9991481040;B
20240401;100111;569.5;1;9991481353;B
20240401;100111;569.45;3;9991481391;S
20240401;100111;569.5;14;9991481482;B
20240401;100111;569.45;62;9991481530;S
20240401;100111;569.5;20;9991481613;B
20240401;100111;569.45;9;9991481636;S
20240401;100111;569.5;89;9991481640;B
20240401;100111;569.55;87;9991481641;B
20240401;100112;569.55;3;9991481819;B
20240401;100112;569.55;2;9991481820;B
20240401;100112;569.45;395;9991481996;S
20240401;100112;569.45;1;9991481997;S
20240401;100112;569.45;289;9991481998;S
20240401;100112;569.45;115;9991481999;S
20240401;100113;569.4;15;9991482213;S
20240401;100113;569.4;1;9991482317;S
20240401;100113;569.4;1;9991482325;S
20240401;100114;569.5;200;9991482518;B
20240401;100115;569.5;1;9991483039;B
20240401;100115;569.5;9;9991483151;B
20240401;100115;569.4;1;9991483335;S
20240401;100116;569.45;12;9991483617;S
20240401;100116;569.5;6;9991483686;B
20240401;100117;569.45;9;9991484072;S
20240401;100117;569.5;1;9991484131;B
20240401;100118;569.45;5;9991484318;S
20240401;100118;569.45;14;9991484338;S
20240401;100118;569.4;100;9991484339;S
20240401;100118;569.4;5;9991484340;S
20240401;100118;569.4;381;9991484341;S
20240401;100118;569.5;1;9991484551;B
20240401;100119;569.5;2;9991484704;B
20240401;100119;569.45;10;9991484708;S
20240401;100119;569.5;1;9991484795;B
20240401;100119;569.5;13;9991484824;B
20240401;100120;569.5;50;9991485110;B
20240401;100120;569.5;1;9991485193;B
20240401;100120;569.45;6;9991485404;S
20240401;100120;569.5;10;9991485430;B
20240401;100121;569.5;5;9991485530;B
20240401;100121;569.5;417;9991485531;B
20240401;100122;569.55;5;9991485747;B
20240401;100122;569.55;1;9991485748;B
20240401;100122;569.6;30;9991485749;B
20240401;100122;569.6;55;9991485750;B
20240401;100122;569.65;263;9991485751;B
20240401;100122;569.65;100;9991485752;B
20240401;100122;569.7;30;9991485753;B
20240401;100122;569.7;100;9991485754;B
20240401;100122;569.7;416;9991485755;B
20240401;100122;569.6;531;9991485880;S
20240401;100122;569.6;289;9991485881;S
20240401;100122;569.55;35;9991485882;S
20240401;100122;569.5;778;9991485883;S
20240401;100122;569.5;5;9991485884;S
20240401;100122;569.5;262;9991485885;S
20240401;100122;569.45;1;9991486053;S
20240401;100122;569.45;1;9991486054;S
20240401;100122;569.45;394;9991486055;S
20240401;100122;569.45;289;9991486056;S
20240401;100123;569.4;1;9991486155;S
20240401;100123;569.4;1;9991486193;S
20240401;100123;569.4;9;9991486216;S
20240401;100123;569.45;24;9991486365;B
20240401;100124;569.45;1;9991486663;B
20240401;100124;569.4;75;9991486674;S
20240401;100124;569.4;6;9991486836;S
20240401;100125;569.4;27;9991486980;S
20240401;100125;569.4;3;9991486981;S
20240401;100125;569.4;170;9991486982;S
20240401;100125;569.45;1;9991487060;B
20240401;100125;569.4;4;9991487160;B
20240401;100125;569.4;10;9991487161;B
20240401;100125;569.35;1;9991487197;S
20240401;100126;569.4;18;9991487310;B
20240401;100126;569.4;4;9991487414;B
20240401;100126;569.4;1;9991487479;B
20240401;100126;569.35;9;9991487498;S
20240401;100126;569.4;150;9991487526;B
20240401;100127;569.35;2;9991487719;S
20240401;100127;569.4;1;9991487722;B
20240401;100127;569.4;100;9991487938;B
20240401;100127;569.4;26;9991487988;B
20240401;100127;569.4;1;9991487990;B
20240401;100128;569.35;8;9991488069;S
20240401;100128;569.35;1;9991488070;S
20240401;100128;569.4;1;9991488165;B
20240401;100128;569.35;4;9991488265;S
20240401;100128;569.35;1;9991488266;S
20240401;100128;569.35;1;9991488267;S
20240401;100128;569.35;300;9991488268;S
20240401;100128;569.3;194;9991488269;S
20240401;100129;569.35;50;9991488386;B
20240401;100129;569.3;5;9991488451;S
20240401;100129;569.4;1;9991488551;B
20240401;100130;569.3;31;9991488618;S
20240401;100130;569.3;1;9991488714;S
20240401;100131;569.35;1;9991489080;B
20240401;100131;569.3;130;9991489192;S
20240401;100131;569.35;1;9991489263;B
20240401;100132;569.35;1;9991489456;B
20240401;100133;569.4;1;9991489837;B
20240401;100133;569.4;2;9991489867;B
20240401;100133;569.3;500;9991489876;S
20240401;100133;569.35;1;9991489899;B
20240401;100134;569.35;1;9991490194;B
20240401;100134;569.35;4;9991490433;B
20240401;100135;569.3;1;9991490458;S
20240401;100135;569.35;14;9991490687;B
20240401;100135;569.35;270;9991490829;B
20240401;100135;569.35;30;9991490830;B
20240401;100136;569.35;1;9991491047;B
20240401;100136;569.3;70;9991491137;S
20240401;100136;569.3;64;9991491222;S
20240401;100137;569.35;17;9991491378;B
20240401;100137;569.35;5;9991491487;B
20240401;100137;569.3;1;9991491522;S
20240401;100137;569.35;20;9991491774;B
20240401;100138;569.35;2;9991491831;B
20240401;100138;569.3;2000;9991491878;S
20240401;100138;569.3;810;9991492003;S
20240401;100138;569.35;100;9991492094;B
20240401;100138;569.3;20;9991492107;S
20240401;100139;569.35;5;9991492309;B
20240401;100139;569.35;191;9991492310;B
20240401;100139;569.35;1;9991492352;B
20240401;100140;569.35;1;9991492573;B
20240401;100140;569.3;1;9991492611;S
20240401;100140;569.35;1;9991492832;B
20240401;100141;569.35;65;9991492866;B
20240401;100141;569.35;135;9991492867;B
20240401;100141;569.35;2;9991492923;B
20240401;100141;569.35;30;9991492971;B
20240401;100141;569.3;50;9991493107;S
20240401;100141;569.3;1122;9991493117;S
20240401;100141;569.3;1838;9991493118;S
20240401;100141;569.3;200;9991493119;S
20240401;100141;569.3;173;9991493120;S
20240401;100142;569.3;6;9991493215;S
20240401;100142;569.25;92;9991493216;S
20240401;100142;569.25;100;9991493217;S
20240401;100142;569.2;254;9991493218;S
20240401;100142;569.15;3;9991493219;S
20240401;100142;569.15;35;9991493220;S
20240401;100142;569.1;1010;9991493221;S
20240401;100142;569.15;1;9991493339;B
20240401;100142;569.15;2;9991493392;B
20240401;100142;569.15;41;9991493421;B
20240401;100142;569.15;289;9991493422;B
20240401;100142;569.25;103;9991493423;B
20240401;100143;569.2;70;9991493552;B
20240401;100143;569.1;5;9991493560;S
20240401;100143;569.1;2;9991493608;S
20240401;100143;569.2;219;9991493619;B
20240401;100143;569.25;37;9991493620;B
20240401;100143;569.25;395;9991493621;B
20240401;100143;569.25;267;9991493622;B
20240401;100143;569.3;82;9991493623;B
20240401;100144;569.25;5;9991493808;B
20240401;100144;569.25;1;9991493902;B
20240401;100144;569.25;1;9991494062;B
20240401;100145;569.25;2;9991494459;B
20240401;100146;569.1;13;9991494498;S
20240401;100146;569.1;235;9991494674;S
20240401;100146;569.05;1;9991494675;S
20240401;100146;569;5;9991494676;S
20240401;100146;569;1;9991494677;S
20240401;100146;569;10;9991494678;S
20240401;100146;569;176;9991494679;S
20240401;100146;569;10;9991494680;S
20240401;100146;569;2;9991494681;S
20240401;100146;569;17;9991494682;S
20240401;100146;569;5;9991494683;S
20240401;100146;569;38;9991494684;S
20240401;100147;569.1;20;9991495156;B
20240401;100147;569.15;5;9991495157;B
20240401;100147;569.15;35;9991495158;B
20240401;100147;569.2;20;9991495159;B
20240401;100147;569.25;280;9991495160;B
20240401;100147;569.25;140;9991495161;B
20240401;100147;569.25;262;9991495162;B
20240401;100147;569.25;395;9991495163;B
20240401;100147;569.3;58;9991495164;B
20240401;100147;569.3;85;9991495165;B
20240401;100148;569.25;2;9991495435;B
20240401;100148;569.05;9;9991495496;S
20240401;100148;569.25;10;9991495629;B
20240401;100149;569.05;280;9991495749;S
20240401;100149;569;752;9991495750;S
20240401;100149;569;260;9991495751;S
20240401;100149;568.95;1708;9991495752;S
20240401;100149;568.95;3000;9991495947;S
20240401;100149;569;2;9991495971;B
20240401;100150;569.05;3;9991496112;B
20240401;100150;569.1;1;9991496128;B
20240401;100150;569;48;9991496131;S
20240401;100150;569;600;9991496132;S
20240401;100150;568.95;1052;9991496133;S
20240401;100150;569;1;9991496312;B
20240401;100150;568.95;500;9991496318;S
20240401;100151;568.95;1386;9991496420;S
20240401;100151;568.95;80;9991496421;S
20240401;100151;568.95;2;9991496572;B
20240401;100152;568.9;3;9991496856;S
20240401;100152;568.9;10;9991496857;S
20240401;100152;568.9;1;9991496858;S
20240401;100152;568.85;2;9991496859;S
20240401;100152;568.85;395;9991496860;S
20240401;100152;568.8;10;9991496861;S
20240401;100152;568.8;79;9991496862;S
20240401;100152;568.75;2;9991496917;S
20240401;100153;568.9;289;9991497024;B
20240401;100153;568.95;457;9991497025;B
20240401;100153;568.95;132;9991497026;B
20240401;100153;568.75;18;9991497191;S
20240401;100153;568.75;69;9991497192;S
20240401;100153;568.75;326;9991497301;S
20240401;100153;568.7;200;9991497302;S
20240401;100153;568.7;256;9991497303;S
20240401;100153;568.65;218;9991497304;S
20240401;100153;568.65;365;9991497305;S
20240401;100154;568.65;4;9991497389;S
20240401;100154;568.7;1;9991497425;B
20240401;100154;568.65;1;9991497426;S
20240401;100154;568.7;195;9991497516;B
20240401;100154;568.75;289;9991497517;B
20240401;100154;568.75;29;9991497518;B
20240401;100155;568.75;1;9991497851;B
20240401;100156;568.8;4;9991497972;B
20240401;100156;568.8;2;9991498005;B
20240401;100156;568.7;3;9991498048;S
20240401;100157;568.65;412;9991498321;S
20240401;100157;568.65;5;9991498322;S
20240401;100157;568.65;83;9991498323;S
20240401;100157;568.65;6;9991498342;S
20240401;100158;568.8;29;9991498614;B
20240401;100158;568.8;1;9991498615;B
20240401;100158;568.8;70;9991498616;B
20240401;100158;568.85;50;9991498723;B
20240401;100158;568.9;88;9991498746;B
20240401;100159;568.75;5;9991498898;S
20240401;100159;568.75;395;9991498899;S
20240401;100159;568.7;35;9991498900;S
20240401;100159;568.7;165;9991498901;S
20240401;100159;568.85;1;9991498924;B
20240401;100159;568.65;15;9991498927;S
20240401;100200;568.8;10;9991499190;B
20240401;100200;568.85;34;9991499204;B
20240401;100200;568.85;394;9991499205;B
20240401;100200;568.85;72;9991499206;B
20240401;100200;568.9;1;9991499243;B
20240401;100200;568.8;290;9991499290;S
20240401;100200;568.8;100;9991499291;S
20240401;100200;568.8;500;9991499292;S
20240401;100200;568.8;300;9991499293;S
20240401;100200;568.8;500;9991499294;S
20240401;100200;568.8;500;9991499295;S
20240401;100200;568.8;165;9991499296;S
20240401;100200;568.8;500;9991499297;S
20240401;100200;568.8;500;9991499298;S
20240401;100200;568.8;400;9991499299;S
20240401;100200;568.8;100;9991499300;S
20240401;100200;568.8;289;9991499301;S
20240401;100200;568.75;35;9991499302;S
20240401;100200;568.7;247;9991499303;S
20240401;100200;568.65;196;9991499304;S
20240401;100200;568.65;395;9991499305;S
20240401;100200;568.5;5;9991499306;S
20240401;100200;568.45;500;9991499307;S
20240401;100200;568.4;10;9991499308;S
20240401;100200;568.4;3000;9991499309;S
20240401;100200;568.4;140;9991499310;S
20240401;100200;568.4;1000;9991499313;B
20240401;100200;568.4;1000;9991499316;B
20240401;100200;568.4;200;9991499317;B
20240401;100200;568.4;100;9991499318;B
20240401;100200;568.4;200;9991499319;B
20240401;100200;568.4;1000;9991499320;B
20240401;100200;568.4;200;9991499322;B
20240401;100200;568.4;100;9991499323;B
20240401;100200;568.4;200;9991499325;B
20240401;100200;568.4;1000;9991499326;B
20240401;100200;568.4;200;9991499328;B
20240401;100200;568.4;1000;9991499329;B
20240401;100200;568.4;60;9991499330;B
20240401;100200;568.4;30;9991499331;B
20240401;100200;568.4;100;9991499332;B
20240401;100200;568.4;200;9991499334;B
20240401;100200;568.4;200;9991499335;B
20240401;100200;568.4;1000;9991499336;B
20240401;100200;568.4;100;9991499337;B
20240401;100200;568.4;200;9991499339;B
20240401;100200;568.4;200;9991499340;B
20240401;100200;568.4;1000;9991499341;B
20240401;100200;568.4;100;9991499351;B
20240401;100200;568.4;200;9991499352;B
20240401;100200;568.4;1000;9991499353;B
20240401;100200;568.4;200;9991499354;B
20240401;100200;568.4;40;9991499356;B
20240401;100200;568.4;100;9991499357;B
20240401;100200;568.4;398;9991499358;B
20240401;100200;568.7;140;9991499360;B
20240401;100200;568.7;35;9991499361;B
20240401;100200;568.75;140;9991499362;B
20240401;100200;568.75;197;9991499363;B
20240401;100200;568.85;140;9991499365;B
20240401;100200;568.85;140;9991499366;S
20240401;100200;568.9;140;9991499367;B
20240401;100200;568.95;1;9991499368;B
20240401;100200;568.95;859;9991499369;B
20240401;100200;568.9;140;9991499371;B
20240401;100200;568.95;141;9991499372;B
20240401;100200;568.95;140;9991499373;B
20240401;100200;568.95;395;9991499374;B
20240401;100200;568.95;140;9991499375;S
20240401;100200;568.95;60;9991499463;S
20240401;100200;568.95;440;9991499464;S
20240401;100201;568.85;41;9991499812;S
20240401;100201;568.85;25;9991499885;S
20240401;100201;568.9;100;9991499966;B
20240401;100201;568.9;200;9991499967;B
20240401;100201;568.95;2;9991499987;B
20240401;100202;568.95;91;9991500119;B
20240401;100203;568.85;21;9991500616;S
20240401;100203;568.95;5;9991500732;B
20240401;100203;568.95;9;9991500892;B
20240401;100204;568.95;8;9991501192;B
20240401;100205;568.95;5;9991501244;B
20240401;100206;568.85;1;9991501588;S
20240401;100206;568.85;21;9991501622;S
20240401;100206;568.85;3;9991501656;S
20240401;100207;568.95;100;9991501781;B
20240401;100207;568.85;88;9991501797;S
20240401;100207;568.85;412;9991501798;S
20240401;100207;568.95;9;9991501799;B
20240401;100207;568.85;7;9991501915;S
20240401;100208;568.9;1;9991502135;B
20240401;100208;568.85;300;9991502244;S
20240401;100208;568.9;1;9991502245;B
20240401;100208;568.95;289;9991502306;B
20240401;100208;569;311;9991502307;B
20240401;100209;569;10;9991502369;B
20240401;100209;569;42;9991502420;B
20240401;100210;569;10;9991502817;B
20240401;100210;569;200;9991502862;B
20240401;100210;569;2;9991502883;B
20240401;100211;568.95;500;9991503064;S
20240401;100211;568.9;243;9991503065;S
20240401;100211;568.9;289;9991503066;S
20240401;100211;568.85;35;9991503067;S
20240401;100211;568.8;500;9991503144;B
20240401;100211;568.75;12;9991503170;S
20240401;100211;568.8;10;9991503194;B
20240401;100211;568.8;7;9991503197;B
20240401;100211;568.8;500;9991503227;B
20240401;100211;568.8;2;9991503239;B
