<DATE>;<TIME>;<LAST>;<VOL>;<ID>;<OPER>
20240503;095931;582.75;10;10261509183;S
20240503;095931;582.75;12;10261509184;B
20240503;095931;582.75;3;10261509185;S
20240503;095931;582.75;3;10261509186;S
20240503;095931;582.75;4;10261509187;S
20240503;095931;582.75;1;10261509188;S
20240503;095931;582.75;5;10261509189;S
20240503;095931;582.75;1;10261509190;B
20240503;095931;582.75;6;10261509191;B
20240503;095931;582.75;19;10261509192;B
20240503;095931;582.75;1;10261509193;B
20240503;095931;582.75;4;10261509194;B
20240503;095931;582.75;2;10261509195;B
20240503;095931;582.75;6;10261509196;B
20240503;095931;582.75;2;10261509197;B
20240503;095931;582.75;2;10261509198;B
20240503;095931;582.75;75;10261509199;B
20240503;095931;582.75;1;10261509200;B
20240503;095931;582.75;1;10261509201;S
20240503;095931;582.75;3;10261509202;B
20240503;095931;582.75;1;10261509203;S
20240503;095931;582.75;1;10261509204;S
20240503;095931;582.75;10;10261509205;S
20240503;095931;582.75;66;10261509206;S
20240503;095931;582.75;1;10261509207;S
20240503;095931;582.75;2;10261509208;S
20240503;095931;582.75;100;10261509209;S
20240503;095931;582.75;2;10261509210;S
20240503;095931;582.75;172;10261509211;S
20240503;095931;582.75;343;10261509212;S
20240503;095931;582.75;86;10261509213;S
20240503;095931;582.75;15;10261509214;S
20240503;095931;582.75;1;10261509215;S
20240503;095931;582.75;1;10261509216;B
20240503;095931;582.75;1;10261509217;B
20240503;095931;582.75;1;10261509218;B
20240503;095931;582.75;2;10261509219;B
20240503;095931;582.75;1;10261509220;B
20240503;095931;582.75;1;10261509221;B
20240503;095931;582.75;3;10261509222;B
20240503;095931;582.75;1;10261509223;B
20240503;095931;582.75;1;10261509224;B
20240503;095931;582.75;2;10261509225;B
20240503;095931;582.75;2;10261509226;B
20240503;095931;582.75;40;10261509227;B
20240503;095931;582.75;1;10261509228;B
20240503;095931;582.75;1;10261509229;B
20240503;095931;582.75;2;10261509230;B
20240503;095931;582.75;1;10261509231;S
20240503;095931;582.75;2;10261509232;S
20240503;095931;582.75;3;10261509233;S
20240503;095931;582.75;182;10261509234;S
20240503;095931;582.75;5;10261509235;S
20240503;095931;582.75;30;10261509236;S
20240503;095931;582.75;10;10261509237;S
20240503;095931;582.75;5;10261509238;S
20240503;095931;582.75;100;10261509239;S
20240503;095931;582.75;10;10261509240;B
20240503;095931;582.75;10;10261509241;B
20240503;095931;582.75;343;10261509242;S
20240503;095931;582.75;343;10261509243;S
20240503;095931;582.75;2;10261509244;S
20240503;095931;582.75;343;10261509245;S
20240503;095931;582.75;117;10261509246;S
20240503;095931;582.75;1;10261509247;S
20240503;095931;582.75;1;10261509248;S
20240503;095931;582.75;8;10261509249;S
20240503;095931;582.75;26;10261509250;S
20240503;095931;582.75;2;10261509251;S
20240503;095931;582.75;1;10261509252;S
20240503;095931;582.75;4;10261509253;S
20240503;095931;582.75;2;10261509254;S
20240503;095931;582.75;3;10261509255;S
20240503;095931;582.75;3;10261509256;S
20240503;095931;582.75;3;10261509257;S
20240503;095931;582.75;3;10261509258;S
20240503;095931;582.75;3;10261509259;S
20240503;095931;582.75;3;10261509260;S
20240503;095931;582.75;3;10261509261;S
20240503;095931;582.75;3;10261509262;S
20240503;095931;582.75;3;10261509263;S
20240503;095931;582.75;3;10261509264;S
20240503;095931;582.75;3;10261509265;S
20240503;095931;582.75;3;10261509266;S
20240503;095931;582.75;3;10261509267;S
20240503;095931;582.75;142;10261509268;S
20240503;095931;582.75;5;10261509269;S
20240503;095931;582.75;155;10261509270;B
20240503;095931;582.75;295;10261509271;B
20240503;095931;582.75;343;10261509272;S
20240503;095931;582.75;343;10261509273;S
20240503;095931;582.75;343;10261509274;S
20240503;095931;582.75;343;10261509275;S
20240503;095931;582.75;2;10261509276;S
20240503;095931;582.75;343;10261509277;S
20240503;095931;582.75;343;10261509278;S
20240503;100001;582.7;343;10261517295;S
20240503;100001;582.7;185;10261517296;S
20240503;100001;582.75;20;10261517393;B
20240503;100001;582.75;40;10261517398;B
20240503;100001;582.75;80;10261517517;B
20240503;100001;582.75;40;10261517531;B
20240503;100001;582.75;20;10261517541;B
20240503;100001;582.75;40;10261517550;B
20240503;100001;582.75;20;10261517563;B
20240503;100001;582.75;20;10261517586;B
20240503;100001;582.75;20;10261517601;B
20240503;100001;582.75;20;10261517621;B
20240503;100001;582.75;20;10261517707;B
20240503;100002;582.7;100;10261518253;S
20240503;100002;582.75;100;10261518341;B
20240503;100002;582.7;58;10261518369;S
20240503;100002;582.7;240;10261518370;S
20240503;100002;582.65;343;10261518371;S
20240503;100002;582.65;343;10261518372;S
20240503;100002;582.65;3;10261518373;S
20240503;100002;582.6;313;10261518374;S
20240503;100002;582.65;20;10261518391;B
20240503;100002;582.65;40;10261518397;B
20240503;100002;582.7;20;10261518415;B
20240503;100002;582.7;60;10261518426;B
20240503;100002;582.7;80;10261518428;B
20240503;100002;582.7;80;10261518434;B
20240503;100002;582.7;60;10261518438;B
20240503;100002;582.7;40;10261518470;B
20240503;100002;582.75;20;10261518486;B
20240503;100002;582.75;60;10261518490;B
20240503;100002;582.75;80;10261518496;B
20240503;100002;582.75;60;10261518507;B
20240503;100002;582.75;20;10261518508;B
20240503;100002;582.75;80;10261518523;B
20240503;100002;582.75;20;10261518528;B
20240503;100002;582.75;20;10261518536;B
20240503;100002;582.75;20;10261518541;B
20240503;100002;582.75;20;10261518558;B
20240503;100002;582.75;20;10261518569;B
20240503;100002;582.75;20;10261518575;B
20240503;100002;582.75;20;10261518581;B
20240503;100002;582.75;40;10261518585;B
20240503;100002;582.75;20;10261518586;B
20240503;100002;582.75;20;10261518591;B
20240503;100002;582.75;20;10261518592;B
20240503;100002;582.75;20;10261518599;B
20240503;100002;582.75;500;10261518622;B
20240503;100002;582.75;20;10261518638;B
20240503;100002;582.75;20;10261518646;B
20240503;100002;582.75;20;10261518647;B
20240503;100002;582.75;20;10261518648;B
20240503;100002;582.75;20;10261518651;B
20240503;100002;582.75;20;10261518653;B
20240503;100002;582.75;20;10261518655;B
20240503;100002;582.75;100;10261518660;B
20240503;100002;582.75;100;10261518701;B
20240503;100002;582.75;20;10261518703;B
20240503;100002;582.75;20;10261518710;B
20240503;100002;582.75;20;10261518711;B
20240503;100002;582.75;40;10261518713;B
20240503;100002;582.7;20;10261518808;B
20240503;100002;582.7;316;10261518811;B
20240503;100002;582.75;20;10261518817;B
20240503;100002;582.75;40;10261518850;B
20240503;100002;582.75;20;10261518852;B
20240503;100002;582.65;172;10261518950;S
20240503;100002;582.65;378;10261518951;S
20240503;100002;582.6;30;10261518952;S
20240503;100002;582.6;343;10261518953;S
20240503;100002;582.6;42;10261518954;S
20240503;100002;582.55;343;10261518955;S
20240503;100002;582.55;342;10261518956;S
20240503;100002;582.5;342;10261518957;S
20240503;100002;582.5;342;10261518958;S
20240503;100002;582.45;342;10261518959;S
20240503;100002;582.45;342;10261518960;S
20240503;100002;582.4;342;10261518961;S
20240503;100002;582.4;342;10261518962;S
20240503;100002;582.4;188;10261518963;B
20240503;100002;582.4;80;10261519000;B
20240503;100002;582.4;20;10261519004;B
20240503;100002;582.4;20;10261519013;B
20240503;100002;582.4;60;10261519016;B
20240503;100002;582.4;19;10261519033;B
20240503;100002;582.5;21;10261519034;B
20240503;100002;582.5;20;10261519035;B
20240503;100002;582.75;60;10261519036;B
20240503;100002;582.7;1;10261519043;B
20240503;100002;582.75;79;10261519044;B
20240503;100002;582.75;20;10261519045;B
20240503;100002;582.75;20;10261519048;B
20240503;100002;582.75;80;10261519049;B
20240503;100002;582.75;80;10261519050;B
20240503;100002;582.75;80;10261519051;B
20240503;100002;582.75;80;10261519052;B
20240503;100002;582.75;60;10261519053;B
20240503;100002;582.75;46;10261519062;B
20240503;100002;582.8;3;10261519063;B
20240503;100002;582.8;3;10261519064;B
20240503;100002;582.85;3;10261519065;B
20240503;100002;582.85;3;10261519066;B
20240503;100002;582.85;3;10261519067;B
20240503;100002;582.9;7;10261519068;B
20240503;100002;582.9;12;10261519069;B
20240503;100002;582.9;80;10261519070;B
20240503;100002;582.9;80;10261519072;B
20240503;100002;582.9;60;10261519073;B
20240503;100002;582.9;40;10261519076;B
20240503;100002;582.9;80;10261519078;B
20240503;100002;582.9;20;10261519079;B
20240503;100002;582.9;80;10261519081;B
20240503;100002;582.9;20;10261519082;B
20240503;100002;582.9;44;10261519088;B
20240503;100002;582.95;36;10261519089;B
20240503;100002;582.95;60;10261519090;B
20240503;100002;582.95;80;10261519101;B
20240503;100002;582.95;74;10261519102;B
20240503;100002;583;1;10261519103;B
20240503;100002;583;1;10261519104;B
20240503;100002;583;1;10261519105;B
20240503;100002;583;3;10261519106;B
20240503;100002;583;16;10261519107;B
20240503;100002;583;16;10261519108;B
20240503;100002;583;48;10261519109;B
20240503;100002;583;80;10261519110;B
20240503;100002;583;80;10261519111;B
20240503;100002;583;80;10261519112;B
20240503;100002;583;20;10261519113;B
20240503;100002;583;40;10261519115;B
20240503;100002;583;20;10261519116;B
20240503;100002;583;40;10261519124;B
20240503;100002;583;20;10261519128;B
20240503;100002;583;20;10261519130;B
20240503;100002;583;40;10261519131;B
20240503;100002;583;20;10261519132;B
20240503;100002;583;500;10261519163;B
20240503;100002;583;20;10261519220;B
20240503;100002;583;20;10261519221;B
20240503;100002;583;20;10261519223;B
20240503;100002;583;20;10261519234;B
20240503;100002;583;500;10261519236;B
20240503;100003;583;40;10261519261;B
20240503;100003;583;20;10261519264;B
20240503;100003;583;20;10261519265;B
20240503;100003;583;20;10261519266;B
20240503;100003;583;40;10261519270;B
20240503;100003;583;20;10261519276;B
20240503;100003;583;20;10261519277;B
20240503;100003;583;20;10261519280;B
20240503;100003;583;20;10261519282;B
20240503;100003;583;20;10261519284;B
20240503;100003;583;20;10261519285;B
20240503;100003;583;20;10261519291;B
20240503;100003;583;12;10261519292;B
20240503;100003;583;8;10261519293;B
20240503;100003;583.25;20;10261519295;B
20240503;100003;583.25;20;10261519296;B
20240503;100003;583.25;40;10261519297;B
20240503;100003;583.25;20;10261519298;B
20240503;100003;583.25;20;10261519299;B
20240503;100003;583.25;20;10261519300;B
20240503;100003;583.25;20;10261519303;B
20240503;100003;583.25;20;10261519304;B
20240503;100003;583.25;20;10261519306;B
20240503;100003;583.25;20;10261519307;B
20240503;100003;582.45;6;10261519313;S
20240503;100003;583.25;20;10261519319;B
20240503;100003;583.25;20;10261519322;B
20240503;100003;583.25;100;10261519323;B
20240503;100003;583.25;20;10261519325;B
20240503;100003;583.25;6;10261519326;B
20240503;100003;583.3;7;10261519327;B
20240503;100003;583.3;5;10261519328;B
20240503;100003;583.35;2;10261519329;B
20240503;100003;583.35;14;10261519467;B
20240503;100003;583.35;6;10261519468;B
20240503;100003;583.35;100;10261519470;B
20240503;100003;583.45;40;10261519475;B
20240503;100003;583.45;20;10261519476;B
20240503;100003;583.45;20;10261519479;B
20240503;100003;583.45;20;10261519483;B
20240503;100003;583.45;20;10261519486;B
20240503;100003;583.45;20;10261519490;B
20240503;100003;583.45;20;10261519497;B
20240503;100003;583.45;120;10261519499;B
20240503;100003;583.45;20;10261519500;B
20240503;100003;583.4;157;10261519501;S
20240503;100003;583.4;343;10261519502;S
20240503;100003;583.4;100;10261519503;B
20240503;100003;583.4;20;10261519505;B
20240503;100003;583.4;20;10261519506;B
20240503;100003;582.55;378;10261519507;S
20240503;100003;582.5;22;10261519508;B
20240503;100003;583.45;20;10261519509;B
20240503;100003;582.45;36;10261519510;S
20240503;100003;582.45;131;10261519511;B
20240503;100003;582.45;293;10261519512;B
20240503;100003;583.5;1;10261519513;B
20240503;100003;583.55;19;10261519514;B
20240503;100003;583.55;20;10261519515;B
20240503;100003;582.55;34;10261519522;B
20240503;100003;583.35;20;10261519523;B
20240503;100003;583.5;20;10261519524;B
20240503;100003;583.35;2;10261519525;B
20240503;100003;583.4;38;10261519526;B
20240503;100003;583.55;20;10261519529;B
20240503;100003;583.55;20;10261519534;B
20240503;100003;583.75;1;10261519536;B
20240503;100003;583.9;3;10261519537;B
20240503;100003;583.9;16;10261519538;B
20240503;100003;583.4;500;10261519570;S
20240503;100003;583.8;20;10261519594;B
20240503;100003;583.75;40;10261519595;B
20240503;100003;583.65;20;10261519596;B
20240503;100003;583.9;20;10261519597;B
20240503;100003;583.85;20;10261519599;B
20240503;100003;583.8;20;10261519600;B
20240503;100003;583.75;20;10261519601;B
20240503;100003;583.9;20;10261519602;B
20240503;100003;583.85;40;10261519603;B
20240503;100003;583.7;40;10261519604;B
20240503;100003;583.7;60;10261519605;B
20240503;100003;583.7;80;10261519608;B
20240503;100003;583.7;20;10261519609;B
20240503;100003;583.7;40;10261519628;B
20240503;100003;583.9;100;10261519629;B
20240503;100003;583.8;20;10261519632;B
20240503;100003;583.8;20;10261519633;B
20240503;100003;583.75;80;10261519635;B
20240503;100003;583.75;40;10261519636;B
20240503;100003;583.75;20;10261519638;B
20240503;100003;583.8;80;10261519640;B
20240503;100003;583.8;40;10261519641;B
20240503;100003;583.95;20;10261519646;B
20240503;100003;583.95;30;10261519647;B
20240503;100003;583.95;30;10261519648;B
20240503;100003;583.95;20;10261519649;B
20240503;100003;583.95;20;10261519650;B
20240503;100003;583.95;102;10261519652;B
20240503;100003;583.95;18;10261519653;B
20240503;100003;583.95;20;10261519654;B
20240503;100003;583.9;20;10261519655;B
20240503;100003;583.9;100;10261519656;B
20240503;100003;583.95;20;10261519657;B
20240503;100003;583.95;20;10261519658;B
20240503;100003;583.9;20;10261519661;B
20240503;100003;583.9;20;10261519662;B
20240503;100003;583.9;20;10261519670;B
20240503;100003;583.95;20;10261519672;B
20240503;100003;583.95;20;10261519686;B
20240503;100003;583.95;20;10261519687;B
20240503;100003;583.95;20;10261519693;B
20240503;100003;583.95;40;10261519694;B
20240503;100003;583.95;20;10261519696;B
20240503;100003;583.95;20;10261519697;B
20240503;100003;583.95;20;10261519721;B
20240503;100003;583.4;1;10261519769;S
20240503;100003;583.4;200;10261519770;S
20240503;100003;583.85;40;10261519777;B
20240503;100003;583.85;40;10261519778;B
20240503;100003;583.95;20;10261519780;B
20240503;100003;583.9;20;10261519781;B
20240503;100003;583.9;20;10261519782;B
20240503;100003;583.9;20;10261519783;B
20240503;100003;583.9;20;10261519784;B
20240503;100003;583.9;20;10261519788;B
20240503;100003;583.9;20;10261519789;B
20240503;100003;583.9;20;10261519790;B
20240503;100003;583.9;40;10261519791;B
20240503;100003;583.9;20;10261519792;B
20240503;100003;583.9;20;10261519793;B
20240503;100003;583.9;20;10261519795;B
20240503;100003;583.9;20;10261519796;B
20240503;100003;584;20;10261519807;B
20240503;100003;584;2;10261519808;B
20240503;100003;584;13;10261519809;B
20240503;100003;584;1;10261519810;B
20240503;100003;584;1;10261519811;B
20240503;100003;584;1;10261519812;B
20240503;100003;584;2;10261519813;B
20240503;100003;584;1;10261519814;B
20240503;100003;584;39;10261519815;B
20240503;100003;584;20;10261519817;B
20240503;100003;584;20;10261519823;B
20240503;100003;584;20;10261519825;B
20240503;100003;584;40;10261519828;B
20240503;100003;584;20;10261519829;B
20240503;100003;584;20;10261519832;B
20240503;100003;584;20;10261519835;B
20240503;100003;584;20;10261519839;B
20240503;100003;583.95;20;10261519847;B
20240503;100003;583.95;20;10261519848;B
20240503;100003;583.95;20;10261519864;B
20240503;100003;583.45;3;10261519866;S
20240503;100003;583.95;10;10261519873;B
20240503;100003;583.95;3;10261519874;B
20240503;100003;584;7;10261519875;B
20240503;100003;584;20;10261519901;B
20240503;100003;584;20;10261519902;B
20240503;100003;584;20;10261519920;B
20240503;100003;583.45;6;10261519943;S
20240503;100003;583.95;6;10261519964;B
20240503;100003;583.95;14;10261519965;B
20240503;100004;583.95;111;10261520097;B
20240503;100004;583.45;20;10261520103;S
20240503;100004;583.9;20;10261520108;B
20240503;100004;583.95;10;10261520109;B
20240503;100004;583.9;40;10261520127;B
20240503;100004;583.9;20;10261520138;B
20240503;100004;583.95;20;10261520166;B
20240503;100004;583.95;20;10261520175;B
20240503;100004;583.45;5;10261520179;S
20240503;100004;583.45;8;10261520180;S
20240503;100004;583.4;73;10261520181;S
20240503;100004;583.9;5;10261520182;B
20240503;100004;583.95;40;10261520201;B
20240503;100004;583.95;20;10261520202;B
20240503;100004;583.95;1;10261520206;B
20240503;100004;583.95;20;10261520276;B
20240503;100004;583.95;20;10261520278;B
20240503;100004;583.95;250;10261520284;B
20240503;100004;583.95;34;10261520362;B
20240503;100004;583.95;26;10261520363;B
20240503;100004;583.95;60;10261520386;B
20240503;100004;583.95;20;10261520390;B
20240503;100004;583.95;20;10261520394;B
20240503;100004;583.95;20;10261520395;B
20240503;100004;583.95;20;10261520442;B
20240503;100004;583.95;1;10261520466;B
20240503;100004;583.45;1;10261520467;S
20240503;100004;583.95;1;10261520468;B
20240503;100004;583.95;1;10261520469;B
20240503;100004;583.9;1;10261520470;B
20240503;100004;583.95;20;10261520489;B
20240503;100005;583.45;2;10261520775;S
20240503;100005;583.45;1;10261521016;S
20240503;100005;583.9;1;10261521017;B
20240503;100005;583.45;1;10261521018;S
20240503;100005;583.9;1;10261521019;B
20240503;100005;583.9;2;10261521087;B
20240503;100005;583.95;385;10261521088;B
20240503;100005;584;113;10261521089;B
20240503;100005;583.95;80;10261521111;B
20240503;100005;583.95;20;10261521114;B
20240503;100005;583.95;80;10261521123;B
20240503;100005;583.95;20;10261521126;B
20240503;100005;583.95;20;10261521157;B
20240503;100005;583.95;20;10261521160;B
20240503;100005;583.95;20;10261521176;B
20240503;100005;583.95;20;10261521177;B
20240503;100005;583.45;29;10261521194;S
20240503;100005;583.45;49;10261521195;S
20240503;100005;583.9;29;10261521198;B
20240503;100005;583.95;105;10261521199;B
20240503;100005;583.95;366;10261521200;B
20240503;100005;583.95;20;10261521210;B
20240503;100005;583.95;20;10261521213;B
20240503;100005;583.95;20;10261521245;B
20240503;100005;583.95;20;10261521248;B
20240503;100005;583.95;80;10261521254;B
20240503;100005;583.95;20;10261521257;B
20240503;100005;583.95;20;10261521260;B
20240503;100005;583.95;80;10261521263;B
20240503;100005;583.95;20;10261521266;B
20240503;100005;583.95;20;10261521305;B
20240503;100005;583.45;123;10261521309;S
20240503;100005;583.45;28;10261521310;S
20240503;100005;583.9;28;10261521315;B
20240503;100005;583.95;12;10261521316;B
20240503;100005;583.95;1;10261521357;B
20240503;100005;583.95;40;10261521359;B
20240503;100005;583.95;20;10261521363;B
20240503;100005;583.95;241;10261521373;B
20240503;100005;583.95;259;10261521374;B
20240503;100005;583.95;20;10261521375;B
20240503;100005;583.95;20;10261521378;B
20240503;100005;583.95;20;10261521385;B
20240503;100005;583.95;20;10261521421;B
20240503;100005;583.95;20;10261521427;B
20240503;100005;583.95;26;10261521429;B
20240503;100005;584;126;10261521430;B
20240503;100005;583.95;60;10261521432;B
20240503;100005;583.95;20;10261521434;B
20240503;100005;583.95;60;10261521435;B
20240503;100005;583.95;60;10261521436;B
20240503;100005;583.95;20;10261521438;B
20240503;100005;583.95;60;10261521439;B
20240503;100005;584;20;10261521440;B
20240503;100005;584;40;10261521457;B
20240503;100005;584;20;10261521458;B
20240503;100005;584;20;10261521460;B
20240503;100005;584;20;10261521462;B
20240503;100005;584;20;10261521465;B
20240503;100005;584;20;10261521466;B
20240503;100005;584;20;10261521468;B
20240503;100005;584;20;10261521469;B
20240503;100005;584;20;10261521472;B
20240503;100005;584;500;10261521488;B
20240503;100005;584;20;10261521498;B
20240503;100005;584;20;10261521500;B
20240503;100005;584;20;10261521510;B
20240503;100005;584;20;10261521516;B
20240503;100006;584;100;10261521518;B
20240503;100006;584;100;10261521528;B
20240503;100006;584;20;10261521533;B
20240503;100006;584;40;10261521543;B
20240503;100006;584;40;10261521549;B
20240503;100006;584;20;10261521558;B
20240503;100006;584;20;10261521561;B
20240503;100006;583.45;6;10261521573;S
20240503;100006;583.45;2;10261521574;S
20240503;100006;584;500;10261521663;B
20240503;100006;583.95;6;10261521699;B
20240503;100006;584;14;10261521700;B
20240503;100006;584;20;10261521709;B
20240503;100006;583.5;2;10261521723;S
20240503;100006;584;3;10261521724;B
20240503;100006;584;1;10261521725;B
20240503;100006;584;1;10261521726;B
20240503;100006;583.5;2;10261521727;S
20240503;100006;583.5;8;10261521728;S
20240503;100006;583.95;2;10261521767;B
20240503;100006;584;18;10261521768;B
20240503;100006;583.5;13;10261521779;S
20240503;100006;583.95;10;10261521780;B
20240503;100006;584;110;10261521781;B
20240503;100006;584;100;10261521787;B
20240503;100006;583.95;13;10261521805;B
20240503;100006;583.95;7;10261521806;B
20240503;100006;583.95;182;10261521812;B
20240503;100006;583.95;20;10261521818;B
20240503;100006;583.95;20;10261521821;B
20240503;100006;583.95;20;10261521824;B
20240503;100006;583.95;40;10261521825;B
20240503;100006;583.95;500;10261521830;B
20240503;100006;583.95;40;10261521834;B
20240503;100006;583.95;40;10261521837;B
20240503;100006;583.95;60;10261521864;B
20240503;100006;583.95;20;10261521885;B
20240503;100006;583.95;51;10261521917;B
20240503;100006;584;69;10261521918;B
20240503;100006;584;20;10261521923;B
20240503;100006;584;20;10261521929;B
20240503;100006;584;100;10261521933;B
20240503;100006;584;20;10261521947;B
20240503;100006;584;20;10261521967;B
20240503;100006;583.5;6;10261521971;S
20240503;100006;584;20;10261521972;B
20240503;100006;583.95;6;10261521980;B
20240503;100006;584;14;10261521981;B
20240503;100006;584;20;10261521982;B
20240503;100006;584;40;10261521985;B
20240503;100006;584;20;10261522009;B
20240503;100006;584;20;10261522013;B
20240503;100006;583.5;2;10261522064;S
20240503;100006;584;1;10261522065;B
20240503;100006;583.5;1;10261522066;S
20240503;100006;583.45;1;10261522067;S
20240503;100006;584;1;10261522068;B
20240503;100006;583.95;1;10261522069;B
20240503;100006;583.5;2;10261522070;S
20240503;100006;583.5;2;10261522071;S
20240503;100006;583.95;1;10261522072;B
20240503;100006;584;2;10261522073;B
20240503;100006;583.95;5;10261522105;B
20240503;100006;584;15;10261522106;B
20240503;100006;584;20;10261522113;B
20240503;100006;584;20;10261522122;B
20240503;100006;583.5;2;10261522186;S
20240503;100006;584;20;10261522196;B
20240503;100006;583.95;2;10261522203;B
20240503;100006;584;18;10261522204;B
20240503;100006;584;20;10261522255;B
20240503;100006;583.6;1;10261522312;S
20240503;100006;584;1;10261522316;B
20240503;100006;583.95;1;10261522408;B
20240503;100006;583.95;2;10261522412;B
20240503;100006;583.7;5;10261522591;S
20240503;100006;583.6;3;10261522594;S
20240503;100006;583.45;172;10261522596;S
20240503;100006;583.45;20;10261522761;B
20240503;100006;583.45;2;10261522936;S
20240503;100006;583.45;7;10261522938;S
20240503;100006;583.45;14;10261522940;S
20240503;100006;583.45;1;10261522942;S
20240503;100006;583.85;1;10261522943;B
20240503;100006;583.85;2;10261522944;B
20240503;100006;583.85;2;10261522947;B
20240503;100006;583.85;1;10261522949;B
20240503;100006;583.45;1;10261522953;S
20240503;100006;583.85;1;10261522958;B
20240503;100006;583.45;9;10261522964;S
20240503;100006;583.4;1;10261522965;S
20240503;100006;583.45;2;10261523038;S
20240503;100006;583.45;10;10261523055;S
20240503;100006;583.45;2;10261523081;S
20240503;100007;583.85;2;10261523253;B
20240503;100007;583.95;172;10261523254;B
20240503;100007;583.95;1;10261523255;B
20240503;100007;584;325;10261523256;B
20240503;100007;583.45;6;10261523320;S
20240503;100007;583.9;2;10261523334;B
20240503;100007;583.45;2;10261523351;S
20240503;100007;583.9;1;10261523371;B
20240503;100007;583.9;1;10261523381;B
20240503;100007;583.9;1;10261523387;B
20240503;100007;583.45;2;10261523390;S
20240503;100007;583.45;5;10261523392;S
20240503;100007;583.9;2;10261523394;B
20240503;100007;583.9;27;10261523511;B
20240503;100007;583.95;3;10261523512;B
20240503;100007;583.9;20;10261523525;B
20240503;100007;583.95;169;10261523526;B
20240503;100007;584;311;10261523527;B
20240503;100007;583.95;20;10261523771;B
20240503;100007;584;20;10261523772;B
20240503;100007;584;40;10261523782;B
20240503;100007;583.95;20;10261523835;B
20240503;100007;583.95;40;10261523860;B
20240503;100007;583.95;20;10261523862;B
20240503;100007;584;20;10261523863;B
20240503;100007;584;60;10261523873;B
20240503;100007;584;80;10261523880;B
20240503;100007;584;20;10261523883;B
20240503;100007;584;20;10261523886;B
20240503;100007;584;40;10261523887;B
20240503;100007;584;80;10261523890;B
20240503;100007;584;40;10261523892;B
20240503;100007;584;60;10261523904;B
20240503;100007;584;500;10261523947;B
20240503;100007;583.45;2;10261523958;S
20240503;100007;583.45;2;10261523961;S
20240503;100007;583.45;1;10261523964;S
20240503;100007;583.45;1;10261523965;S
20240503;100007;583.95;2;10261523967;B
20240503;100007;583.95;3;10261523977;B
20240503;100007;584;1;10261523981;B
20240503;100007;584;20;10261524124;B
20240503;100007;584;20;10261524125;B
20240503;100007;584;20;10261524136;B
20240503;100007;584;20;10261524137;B
20240503;100007;584;20;10261524150;B
20240503;100007;584;20;10261524158;B
20240503;100007;584;120;10261524168;B
20240503;100007;584;20;10261524247;B
20240503;100007;584;20;10261524258;B
20240503;100007;584;20;10261524266;B
20240503;100007;584;20;10261524292;B
20240503;100007;584;20;10261524360;B
20240503;100007;584;20;10261524373;B
20240503;100007;584;20;10261524377;B
20240503;100007;584;20;10261524380;B
20240503;100007;584;50;10261524398;B
20240503;100007;584;3;10261524399;B
20240503;100007;584;20;10261524400;B
20240503;100007;584.25;20;10261524404;B
20240503;100007;584;27;10261524406;S
20240503;100007;583.6;34;10261524410;S
20240503;100007;583.55;20;10261524413;B
20240503;100007;583.55;40;10261524420;B
20240503;100007;583.45;1;10261524428;S
20240503;100007;583.5;34;10261524431;S
20240503;100007;583.45;45;10261524432;S
20240503;100007;584.35;1;10261524441;B
20240503;100007;584.35;2;10261524450;B
20240503;100007;584.35;1;10261524456;B
20240503;100007;584.35;1;10261524467;B
20240503;100007;584.35;20;10261524594;B
20240503;100007;584.35;9;10261524611;B
20240503;100007;584.45;8;10261524612;B
20240503;100007;584.45;8;10261524613;B
20240503;100007;584.5;1;10261524614;B
20240503;100007;584.5;23;10261524615;B
20240503;100007;584.5;385;10261524616;B
20240503;100007;584.5;66;10261524619;S
20240503;100007;584.05;34;10261524632;B
20240503;100007;584.05;20;10261524679;B
20240503;100007;584;17;10261524682;S
20240503;100007;584.05;20;10261524688;B
20240503;100007;584.05;2;10261524689;B
20240503;100007;584;1;10261524697;S
20240503;100007;584.05;1;10261524710;B
20240503;100007;584;2;10261524714;S
20240503;100007;584.05;20;10261524767;B
20240503;100007;584.05;3;10261524784;B
20240503;100007;584.2;34;10261524785;B
20240503;100007;584.5;43;10261524786;B
20240503;100007;584;2;10261524787;S
20240503;100007;584.45;1;10261524798;B
20240503;100007;584.45;20;10261524799;B
20240503;100007;584;2;10261524816;S
20240503;100007;584.45;1;10261524819;B
20240503;100007;584;1;10261524825;S
20240503;100007;584.45;1;10261524829;B
20240503;100007;584.45;2;10261524837;B
20240503;100007;584.45;2;10261524841;B
20240503;100007;584.45;7;10261524845;B
20240503;100007;584.5;13;10261524846;B
20240503;100007;584.5;2;10261524855;B
20240503;100007;584.5;20;10261524940;B
20240503;100007;584;2;10261525101;S
20240503;100007;584.5;1;10261525106;B
20240503;100007;584;2;10261525112;S
20240503;100007;584.5;74;10261525116;B
20240503;100007;584.5;378;10261525117;B
20240503;100007;584.5;48;10261525118;S
20240503;100007;584.5;2;10261525120;B
20240503;100007;584.55;1;10261525126;B
20240503;100007;584;2;10261525128;S
20240503;100007;584;3;10261525131;S
20240503;100007;584.55;1;10261525137;B
20240503;100007;584;1;10261525140;S
20240503;100007;584.55;1;10261525152;B
20240503;100007;584.55;2;10261525154;B
20240503;100007;584;2;10261525163;S
20240503;100007;584.55;2;10261525177;B
20240503;100007;584.55;1;10261525179;B
20240503;100007;584.55;1;10261525183;B
20240503;100007;584;2;10261525228;S
20240503;100007;584.55;2;10261525234;B
20240503;100007;584.55;40;10261525328;B
20240503;100007;584.55;80;10261525333;B
20240503;100007;584.55;20;10261525335;B
20240503;100007;584.55;20;10261525565;B
20240503;100007;584;1;10261525575;S
20240503;100007;584.55;1;10261525579;B
20240503;100007;584;2;10261525581;S
20240503;100007;584;10;10261525588;S
20240503;100007;584;2;10261525589;S
20240503;100007;584;2;10261525591;S
20240503;100008;584.55;2;10261525872;B
20240503;100008;584.55;3;10261525881;B
20240503;100008;584;1;10261525883;S
20240503;100008;584;1;10261525886;S
20240503;100008;584.55;1;10261525888;B
20240503;100008;584.55;6;10261526106;B
20240503;100008;584.05;5;10261526107;S
20240503;100008;584.05;3;10261526109;S
20240503;100008;584;1;10261526110;S
20240503;100008;584;1;10261526111;S
20240503;100008;584;3;10261526112;S
20240503;100008;584.55;1;10261526113;B
20240503;100008;584;2;10261526115;S
20240503;100008;584;2;10261526116;S
20240503;100008;584.55;2;10261526157;B
20240503;100008;584;2;10261526165;S
20240503;100008;584.55;1;10261526190;B
20240503;100008;584.55;1;10261526198;B
20240503;100008;584.55;20;10261526270;B
20240503;100008;584.55;1;10261526310;B
20240503;100008;584;1;10261526314;S
20240503;100008;584.55;1;10261526319;B
20240503;100008;584.55;1;10261526322;B
20240503;100008;584;1;10261526330;S
20240503;100008;584.55;1;10261526333;B
20240503;100008;584;2;10261526337;S
20240503;100008;584.55;10;10261526341;B
20240503;100008;584.55;2;10261526346;B
20240503;100008;584;2;10261526349;S
20240503;100008;584.55;1;10261526356;B
20240503;100008;584.55;1;10261526360;B
20240503;100008;584.1;1;10261526739;S
20240503;100008;584.1;8;10261526746;S
20240503;100008;584.1;1;10261526750;S
20240503;100008;584.1;2;10261526751;S
20240503;100008;584.1;1;10261526753;S
20240503;100008;584.45;1;10261526756;B
20240503;100008;584.45;1;10261526759;B
20240503;100008;584.45;1;10261526762;B
20240503;100008;584.45;1;10261526763;B
20240503;100008;584.1;2;10261526765;S
20240503;100008;584.45;2;10261526766;B
20240503;100008;584.45;1;10261526769;B
20240503;100008;584.45;1;10261526771;B
20240503;100008;584.45;1;10261526776;B
20240503;100008;584.45;1;10261526779;B
20240503;100008;584.45;1;10261526781;B
20240503;100009;584.45;9;10261527092;B
20240503;100009;584.45;3;10261527093;B
20240503;100009;584.5;3;10261527094;B
20240503;100009;584.6;1;10261527095;B
20240503;100009;584.6;118;10261527096;B
20240503;100009;584.65;1;10261527097;B
20240503;100009;584.65;5;10261527098;B
20240503;100009;584.65;150;10261527099;B
20240503;100009;584.65;13;10261527100;B
20240503;100009;584.75;541;10261527101;B
20240503;100009;584.75;85;10261527102;B
20240503;100009;584.7;14;10261527178;B
20240503;100009;584.75;6;10261527179;B
20240503;100009;584.75;20;10261527182;B
20240503;100009;584.75;40;10261527186;B
20240503;100009;584.75;20;10261527194;B
20240503;100009;584.75;100;10261527210;B
20240503;100009;584.8;20;10261527221;B
20240503;100009;584.8;20;10261527329;B
20240503;100009;584.75;20;10261527331;B
20240503;100009;584.1;1;10261527403;S
20240503;100010;584.8;3;10261527723;B
20240503;100010;584.8;1;10261527724;B
20240503;100010;584.1;18;10261527857;S
20240503;100010;584.05;2;10261527858;S
20240503;100010;584.8;20;10261527886;B
20240503;100010;584.8;18;10261527887;B
20240503;100010;584.85;3;10261527888;B
20240503;100010;584.85;172;10261527889;B
20240503;100010;584.85;287;10261527890;B
20240503;100010;584.85;4;10261528003;B
20240503;100010;584.85;20;10261528039;B
20240503;100010;584.2;4;10261528041;S
20240503;100010;584.8;4;10261528042;B
20240503;100010;584.85;36;10261528043;B
20240503;100010;584.85;60;10261528044;B
20240503;100010;584.85;20;10261528056;B
20240503;100010;584.2;30;10261528072;S
20240503;100010;584.2;172;10261528073;S
20240503;100010;584.15;21;10261528074;S
20240503;100010;584.1;34;10261528076;S
20240503;100010;584.1;24;10261528077;S
20240503;100010;584.05;150;10261528078;S
20240503;100010;584.05;51;10261528079;S
20240503;100010;584.8;30;10261528087;B
20240503;100010;584.8;21;10261528088;B
20240503;100010;584.85;31;10261528089;B
20240503;100010;584.8;34;10261528121;B
20240503;100010;584.85;26;10261528122;B
20240503;100010;584.85;20;10261528124;B
20240503;100010;584.85;40;10261528129;B
20240503;100010;584.85;20;10261528130;B
20240503;100010;584.85;20;10261528132;B
20240503;100010;584.85;20;10261528165;B
20240503;100010;584.85;378;10261528184;B
20240503;100010;584.85;122;10261528185;B
20240503;100011;584.85;20;10261528207;B
20240503;100011;584.85;80;10261528210;B
20240503;100011;584.85;40;10261528212;B
20240503;100011;584.85;20;10261528241;B
20240503;100011;584.1;32;10261528347;S
20240503;100011;584.15;2;10261528596;S
20240503;100011;584.1;2;10261528597;S
20240503;100011;584.05;3;10261528598;S
20240503;100011;584.2;1;10261528661;S
20240503;100011;584.8;3;10261528668;B
20240503;100011;584.8;29;10261528695;B
20240503;100011;584.8;1;10261528696;B
20240503;100011;584.85;238;10261528697;B
20240503;100011;584.85;3;10261528698;B
20240503;100011;584.85;79;10261528699;B
20240503;100011;584.8;2;10261528807;B
20240503;100011;584.85;18;10261528808;B
20240503;100011;584.85;60;10261528810;B
20240503;100011;584.85;20;10261528814;B
20240503;100011;584.85;20;10261528822;B
20240503;100011;584.85;5;10261528844;B
20240503;100011;584.85;7;10261528845;B
20240503;100011;584.9;1;10261528846;B
20240503;100011;584.9;11;10261528847;B
20240503;100012;584.9;9;10261528867;B
20240503;100012;584.9;11;10261528868;B
20240503;100012;584.2;34;10261529019;S
20240503;100012;584.15;6;10261529020;S
20240503;100015;584.3;3;10261529754;S
20240503;100015;584.3;31;10261529797;S
20240503;100015;584.2;15;10261529798;S
20240503;100015;584.2;54;10261529799;S
20240503;100015;584.15;3;10261529802;S
20240503;100015;584.75;20;10261529819;B
20240503;100016;584.15;3;10261529954;S
20240503;100016;584.15;3;10261530038;S
20240503;100017;584.15;3;10261530108;S
20240503;100017;584.15;3;10261530214;S
20240503;100017;584.7;1;10261530232;B
20240503;100017;584.75;14;10261530233;B
20240503;100017;584.8;1;10261530234;B
20240503;100017;584.8;4;10261530235;B
20240503;100018;584.15;3;10261530338;S
20240503;100018;584.15;3;10261530527;S
20240503;100019;584.15;3;10261530847;S
20240503;100019;584.15;10;10261530954;S
20240503;100019;584.15;90;10261530955;S
20240503;100019;584.15;3;10261530970;S
20240503;100020;584.6;1;10261531002;B
20240503;100020;584.65;19;10261531003;B
20240503;100020;584.15;31;10261531004;S
20240503;100020;584.1;54;10261531005;S
20240503;100020;584.15;34;10261531007;S
20240503;100020;584.05;128;10261531008;S
20240503;100020;584;5;10261531009;S
20240503;100020;584;20;10261531010;S
20240503;100020;584.1;20;10261531039;B
20240503;100020;584.1;40;10261531040;B
20240503;100020;584.1;20;10261531041;B
20240503;100020;584.1;20;10261531065;B
20240503;100020;584;2;10261531155;S
20240503;100021;584;18;10261531415;S
20240503;100021;584;2;10261531416;S
20240503;100022;584.1;8;10261531629;B
20240503;100022;584;1;10261531717;S
20240503;100024;584;1;10261532176;S
20240503;100024;584;13;10261532252;S
20240503;100027;584.1;2;10261533297;B
20240503;100027;584.1;10;10261533480;B
20240503;100028;584;171;10261533579;S
20240503;100028;584.05;1;10261533619;B
20240503;100028;584.05;39;10261533620;B
20240503;100029;584.1;30;10261534116;B
20240503;100029;584.1;20;10261534128;B
20240503;100029;584.05;1;10261534158;B
20240503;100029;584.05;171;10261534159;B
20240503;100029;584.1;1;10261534166;B
20240503;100029;584.15;35;10261534167;B
20240503;100029;584.15;4;10261534168;B
20240503;100029;584.05;1;10261534176;S
20240503;100030;584.1;27;10261534179;B
20240503;100031;584;11;10261534544;S
20240503;100031;584.1;7;10261534674;B
20240503;100031;584.1;20;10261534698;B
20240503;100032;584;301;10261534885;S
20240503;100032;584;1;10261534886;S
20240503;100032;584;40;10261534887;S
20240503;100032;584;50;10261534888;S
20240503;100032;583.7;60;10261534934;B
20240503;100032;583.7;20;10261534935;B
20240503;100032;583.7;60;10261534937;B
20240503;100032;583.7;20;10261534939;B
20240503;100032;583.7;11;10261534974;B
20240503;100032;583.75;9;10261534975;B
20240503;100032;583.7;20;10261534977;B
20240503;100032;583.7;20;10261535010;B
20240503;100032;583.7;20;10261535020;B
20240503;100034;583.65;1;10261535353;S
20240503;100035;583.75;1;10261535735;B
20240503;100037;583.75;1;10261536143;B
20240503;100038;583.9;10;10261536526;B
20240503;100038;583.95;20;10261536616;B
20240503;100038;583.85;385;10261536628;S
20240503;100038;583.8;25;10261536629;S
20240503;100038;583.8;177;10261536630;S
20240503;100038;583.7;100;10261536631;B
20240503;100038;583.7;45;10261536632;B
20240503;100039;583.95;100;10261536636;B
20240503;100039;584.05;34;10261536637;B
20240503;100039;584.1;26;10261536638;B
20240503;100039;584.1;40;10261536639;B
20240503;100039;584.1;20;10261536640;B
20240503;100039;584.1;20;10261536649;B
20240503;100039;584.1;20;10261536650;B
20240503;100040;584.1;14;10261536984;B
20240503;100041;584.05;70;10261537149;S
20240503;100041;584.1;31;10261537173;B
20240503;100041;584.1;9;10261537174;B
20240503;100041;584.1;20;10261537243;B
20240503;100041;584.1;6;10261537249;B
20240503;100042;584.1;145;10261537662;B
20240503;100042;584.15;20;10261537663;B
20240503;100042;584.15;110;10261537664;B
20240503;100042;584.15;171;10261537665;B
20240503;100042;584.2;54;10261537666;B
20240503;100042;584.2;40;10261537695;B
20240503;100042;584.2;40;10261537696;B
20240503;100042;584.25;18;10261537697;B
20240503;100042;584.25;22;10261537698;B
20240503;100042;584.3;20;10261537700;B
20240503;100042;584.3;20;10261537711;B
20240503;100045;584.3;1;10261538202;B
20240503;100045;584.3;1;10261538304;B
20240503;100046;584.3;18;10261538415;B
20240503;100046;584.3;20;10261538428;B
20240503;100047;584.3;1;10261538744;B
20240503;100049;584.3;68;10261539157;B
20240503;100051;584.25;287;10261539657;S
20240503;100051;584.35;3;10261539701;B
20240503;100051;584.3;10;10261539704;B
20240503;100052;584.3;80;10261539717;B
20240503;100052;584.35;3;10261539726;B
20240503;100052;584.35;37;10261539727;B
20240503;100052;584.45;20;10261539763;B
20240503;100052;584.25;3;10261539802;S
20240503;100055;584.45;157;10261540681;B
20240503;100055;584.45;43;10261540682;B
20240503;100055;584.55;40;10261540689;B
20240503;100055;584.55;20;10261540690;B
20240503;100055;584.35;14;10261540753;S
20240503;100055;584.6;20;10261540780;B
20240503;100056;584.6;100;10261540939;B
20240503;100056;584.65;20;10261540954;B
20240503;100056;584.65;2;10261540956;B
20240503;100057;584.45;2;10261541134;S
20240503;100059;584.4;50;10261541509;S
20240503;100059;584.55;7;10261541535;B
20240503;100059;584.6;13;10261541536;B
20240503;100101;584.4;1;10261542201;S
20240503;100101;584.55;2;10261542292;B
20240503;100103;584.4;333;10261542602;S
20240503;100103;584.25;50;10261542608;B
20240503;100103;584.25;30;10261542609;B
20240503;100103;584.3;20;10261542628;B
20240503;100108;584.25;5;10261543826;B
20240503;100112;584.25;1;10261544703;B
20240503;100112;584.25;2;10261544979;B
20240503;100116;584.25;10;10261545713;B
20240503;100117;584.3;177;10261545798;B
20240503;100117;584.35;2;10261545799;B
20240503;100117;584.35;50;10261545800;B
20240503;100117;584.4;172;10261545801;B
20240503;100117;584.4;493;10261545802;B
20240503;100117;584.45;40;10261545835;B
20240503;100117;584.45;20;10261545836;B
20240503;100117;584.45;40;10261545837;B
20240503;100117;584.45;71;10261545838;B
20240503;100117;584.5;49;10261545839;B
20240503;100117;584.45;20;10261545879;B
20240503;100117;584.45;20;10261545881;B
20240503;100117;584.45;20;10261545906;B
20240503;100117;584.45;111;10261545940;B
20240503;100117;584.5;122;10261545941;B
20240503;100117;584.5;5;10261545942;B
20240503;100117;584.5;20;10261545943;B
20240503;100117;584.5;50;10261545944;B
20240503;100117;584.55;25;10261545945;B
20240503;100117;584.55;167;10261545946;B
20240503;100117;584.4;177;10261545947;S
20240503;100117;584.4;1;10261545953;B
20240503;100117;584.4;22;10261545956;B
20240503;100117;584.6;18;10261545957;B
20240503;100117;584.6;40;10261545961;B
20240503;100117;584.6;20;10261545962;B
20240503;100117;584.6;40;10261545965;B
20240503;100117;584.6;40;10261545966;B
20240503;100118;584.65;20;10261545991;B
20240503;100118;584.8;6;10261545993;B
20240503;100118;584.8;14;10261545994;B
20240503;100118;584.8;8;10261546205;B
20240503;100119;584.8;8;10261546347;B
20240503;100119;584.8;742;10261546348;B
20240503;100119;584.85;3;10261546364;B
20240503;100119;584.85;3;10261546365;B
20240503;100119;584.85;3;10261546366;B
20240503;100119;584.85;5;10261546367;B
20240503;100119;584.9;39;10261546368;B
20240503;100119;584.9;3;10261546369;B
20240503;100119;584.9;50;10261546370;B
20240503;100119;584.9;15;10261546371;B
20240503;100119;584.9;25;10261546372;B
20240503;100119;584.9;14;10261546373;B
20240503;100119;584.9;20;10261546398;B
20240503;100119;584.7;177;10261546399;S
20240503;100119;584.7;34;10261546400;S
20240503;100119;584.55;177;10261546401;S
20240503;100119;584.55;49;10261546402;S
20240503;100119;584.55;60;10261546479;B
20240503;100119;584.55;3;10261546480;B
20240503;100119;584.7;17;10261546481;B
20240503;100119;584.7;17;10261546482;B
20240503;100119;584.7;10;10261546483;B
20240503;100119;584.75;13;10261546484;B
20240503;100119;584.85;20;10261546485;B
20240503;100119;584.9;20;10261546507;B
20240503;100120;584.9;117;10261546659;B
20240503;100120;584.9;49;10261546660;B
20240503;100120;584.95;100;10261546661;B
20240503;100120;584.95;1;10261546662;B
20240503;100120;584.95;595;10261546663;B
20240503;100120;584.75;177;10261546665;S
20240503;100120;584.6;23;10261546666;S
20240503;100120;584.9;25;10261546698;B
20240503;100120;584.9;40;10261546709;B
20240503;100120;584.9;20;10261546710;B
20240503;100120;584.9;86;10261546711;B
20240503;100120;584.95;26;10261546712;B
20240503;100120;584.95;8;10261546713;B
20240503;100120;584.95;40;10261546714;B
20240503;100120;584.95;20;10261546761;B
20240503;100120;584.95;20;10261546762;B
20240503;100120;584.95;20;10261546796;B
20240503;100120;584.95;63;10261546833;B
20240503;100120;585;22;10261546834;B
20240503;100121;584.95;20;10261546902;B
20240503;100121;584.9;1;10261547243;B
20240503;100121;585;178;10261547244;B
20240503;100121;585;1;10261547245;B
20240503;100121;585;7;10261547246;B
20240503;100121;585;1;10261547247;B
20240503;100121;585;1;10261547248;B
20240503;100121;585;2;10261547249;B
20240503;100121;585;400;10261547250;B
20240503;100121;585;6;10261547251;B
20240503;100121;585;10;10261547252;B
20240503;100121;585;500;10261547253;B
20240503;100121;585;1;10261547254;B
20240503;100121;585;1;10261547255;B
20240503;100121;585;1;10261547256;B
20240503;100121;585;1;10261547257;B
20240503;100121;585;389;10261547258;B
20240503;100122;584.95;40;10261547338;B
20240503;100122;584.95;10;10261547340;B
20240503;100122;585;70;10261547341;B
20240503;100122;585;120;10261547342;B
20240503;100122;585;80;10261547343;B
20240503;100122;585;20;10261547367;B
20240503;100122;585;40;10261547368;B
20240503;100122;584.95;20;10261547388;B
20240503;100122;584.8;53;10261547480;B
20240503;100122;584.85;169;10261547481;B
20240503;100122;584.9;20;10261547485;B
20240503;100122;584.9;40;10261547486;B
20240503;100122;584.9;20;10261547540;B
20240503;100124;584.75;295;10261547785;S
20240503;100124;584.85;20;10261547788;B
20240503;100124;584.85;40;10261547789;B
20240503;100124;584.85;20;10261547819;B
20240503;100124;584.8;52;10261547875;B
20240503;100124;584.85;111;10261547876;B
20240503;100124;584.9;37;10261547877;B
20240503;100124;584.85;40;10261547887;B
20240503;100125;584.75;89;10261547949;S
20240503;100125;584.7;34;10261547950;S
20240503;100125;584.6;52;10261547951;S
20240503;100125;584.55;177;10261547952;S
20240503;100125;584.4;200;10261547953;S
20240503;100125;584.35;288;10261547954;S
20240503;100125;584.8;34;10261547978;B
20240503;100125;584.8;6;10261547979;B
20240503;100125;584.8;20;10261547983;B
20240503;100125;584.8;40;10261547984;B
20240503;100125;584.8;40;10261547985;B
20240503;100125;584.8;60;10261547986;B
20240503;100125;584.85;20;10261548024;B
20240503;100125;584.85;20;10261548025;B
20240503;100128;584.75;10;10261548386;S
20240503;100128;584.65;3;10261548387;S
20240503;100129;584.65;20;10261548551;S
20240503;100129;584.65;1;10261548632;S
20240503;100131;584.65;1;10261548964;B
20240503;100133;584.65;1;10261549276;B
20240503;100135;584.6;384;10261549599;S
20240503;100135;584.55;34;10261549600;S
20240503;100135;584.5;177;10261549601;S
20240503;100135;584.45;52;10261549602;S
20240503;100135;584.3;171;10261549603;S
20240503;100135;584.25;2;10261549604;S
20240503;100135;584.25;171;10261549605;S
20240503;100135;584.2;171;10261549606;S
20240503;100135;584.2;10;10261549607;S
20240503;100135;584.2;744;10261549608;S
20240503;100135;584.2;500;10261549609;S
20240503;100135;584.15;1000;10261549610;S
20240503;100135;584.15;200;10261549611;S
20240503;100135;584.05;5;10261549612;S
20240503;100135;584.05;5;10261549613;S
20240503;100135;584;100;10261549614;S
20240503;100135;584;60;10261549615;S
20240503;100135;584;40;10261549616;S
20240503;100135;584;20;10261549617;S
20240503;100135;584;20;10261549618;S
20240503;100135;584;172;10261549619;S
20240503;100135;584;962;10261549620;S
20240503;100135;584.35;52;10261549626;B
20240503;100135;584.35;34;10261549627;B
20240503;100135;584.4;14;10261549628;B
20240503;100135;584.45;20;10261549630;B
20240503;100135;584.45;40;10261549631;B
20240503;100135;584.45;20;10261549633;B
20240503;100135;584.45;40;10261549634;B
20240503;100135;584.45;40;10261549638;B
20240503;100135;584.45;37;10261549639;B
20240503;100135;584.55;3;10261549640;B
20240503;100135;584.45;160;10261549641;B
20240503;100135;584.45;12;10261549642;B
20240503;100135;584.5;88;10261549643;B
20240503;100135;584.5;89;10261549644;B
20240503;100135;584.5;52;10261549645;B
20240503;100135;584.55;59;10261549646;B
20240503;100135;584.55;40;10261549647;B
20240503;100135;584.55;20;10261549648;B
20240503;100135;584.55;20;10261549650;B
20240503;100135;584.55;40;10261549651;B
20240503;100135;584.55;199;10261549652;B
20240503;100135;584.55;1;10261549653;B
20240503;100135;584.6;20;10261549703;B
20240503;100135;584.6;20;10261549706;B
20240503;100135;584.6;20;10261549712;B
20240503;100135;584.6;40;10261549713;B
20240503;100135;584.6;20;10261549714;B
20240503;100135;584.6;20;10261549715;B
20240503;100135;584.6;20;10261549717;B
20240503;100135;584.6;11;10261549718;B
20240503;100135;584.6;9;10261549719;B
20240503;100135;584.6;60;10261549720;B
20240503;100135;584.6;20;10261549733;B
20240503;100135;584.6;20;10261549735;B
20240503;100135;584.6;20;10261549736;B
20240503;100137;584.3;100;10261549991;S
20240503;100137;584.55;40;10261550022;B
20240503;100137;584.45;20;10261550053;B
20240503;100140;584.35;1;10261550419;S
20240503;100142;584.45;940;10261550707;B
20240503;100142;584.5;177;10261550708;B
20240503;100142;584.5;52;10261550709;B
20240503;100142;584.5;50;10261550710;B
20240503;100142;584.65;18;10261550711;B
20240503;100142;584.65;89;10261550712;B
20240503;100142;584.65;2;10261550747;B
20240503;100142;584.7;20;10261550748;B
20240503;100142;584.7;171;10261550749;B
20240503;100142;584.7;7;10261550750;B
20240503;100142;584.55;100;10261550751;S
20240503;100142;584.75;40;10261550752;B
20240503;100142;584.75;20;10261550753;B
20240503;100142;584.75;20;10261550755;B
20240503;100142;584.75;40;10261550771;B
20240503;100142;584.75;20;10261550773;B
20240503;100142;584.75;20;10261550774;B
20240503;100142;584.75;11;10261550787;B
20240503;100142;584.8;9;10261550788;B
20240503;100147;584.6;34;10261551683;S
20240503;100147;584.55;6;10261551684;S
20240503;100149;584.55;20;10261551995;S
20240503;100149;584.75;20;10261552002;B
20240503;100151;584.55;1;10261552269;S
20240503;100151;584.55;5;10261552330;S
20240503;100154;584.65;1;10261552936;B
20240503;100155;584.4;5;10261553041;S
20240503;100157;584.3;13;10261553392;S
20240503;100158;584.3;20;10261553486;S
20240503;100158;584.35;1;10261553558;B
20240503;100159;584.3;3;10261553704;S
20240503;100159;584.25;32;10261553705;S
20240503;100159;584.25;95;10261553706;S
20240503;100159;584.35;4;10261553721;B
20240503;100159;584.35;16;10261553722;B
20240503;100159;584.4;19;10261553743;B
20240503;100159;584.4;1;10261553744;B
20240503;100201;584.25;1;10261554018;S
20240503;100201;584.2;2;10261554019;S
20240503;100203;584.35;1;10261554314;B
20240503;100204;584.5;48;10261554527;B
20240503;100205;584.55;1;10261554814;B
20240503;100205;584.55;20;10261554815;B
20240503;100205;584.55;8;10261554816;B
20240503;100205;584.6;20;10261554844;B
20240503;100205;584.6;3;10261554959;B
20240503;100206;584.65;172;10261554967;B
20240503;100206;584.65;48;10261554968;B
20240503;100206;584.65;102;10261554969;S
20240503;100206;584.45;2;10261554970;S
20240503;100206;584.45;48;10261554971;S
20240503;100206;584.45;27;10261554972;S
20240503;100206;584.65;40;10261554992;B
20240503;100206;584.65;40;10261554993;B
20240503;100206;584.7;20;10261554994;B
20240503;100206;584.7;20;10261555034;B
20240503;100206;584.7;1;10261555080;B
20240503;100207;584.65;27;10261555204;B
20240503;100207;584.7;150;10261555205;B
20240503;100207;584.7;23;10261555206;S
20240503;100207;584.45;7;10261555207;S
20240503;100207;584.45;40;10261555216;B
20240503;100207;584.45;20;10261555226;B
20240503;100207;584.45;65;10261555336;B
20240503;100208;584.4;168;10261555387;S
20240503;100208;584.6;7;10261555398;B
20240503;100208;584.65;33;10261555399;B
20240503;100208;584.7;20;10261555435;B
20240503;100208;584.45;34;10261555450;S
20240503;100208;584.4;1;10261555451;S
20240503;100208;584.4;172;10261555452;S
20240503;100208;584.35;48;10261555453;S
20240503;100208;584.35;245;10261555454;S
20240503;100208;584.5;34;10261555473;B
20240503;100208;584.55;6;10261555474;B
20240503;100208;584.6;60;10261555475;B
20240503;100208;584.6;20;10261555494;B
20240503;100208;584.65;2;10261555613;B
20240503;100213;584.55;1;10261556874;B
20240503;100214;584.5;3;10261557173;B
20240503;100215;584.5;5;10261557301;B
20240503;100217;584.5;4;10261558133;B
20240503;100222;584.5;20;10261558991;B
20240503;100222;584.35;1;10261559081;S
20240503;100222;584.3;1;10261559082;S
20240503;100223;584.5;1;10261559166;B
20240503;100226;584.3;4;10261559754;S
20240503;100226;584.3;20;10261559755;S
20240503;100226;584.25;1;10261559756;S
20240503;100226;584.2;171;10261559757;S
20240503;100226;584.2;4;10261559758;S
20240503;100226;584.4;10;10261559773;B
20240503;100226;584.4;10;10261559774;B
20240503;100226;584.4;40;10261559776;B
20240503;100226;584.4;20;10261559795;B
20240503;100227;584.15;2;10261560085;S
20240503;100228;584.15;5;10261560334;S
20240503;100228;584.2;4;10261560370;B
20240503;100229;584.15;19;10261560572;S
20240503;100230;584.15;1;10261560640;S
20240503;100230;584.2;15;10261560699;B
20240503;100230;584.2;20;10261560705;B
20240503;100231;584.2;3;10261560847;B
20240503;100232;584.2;1;10261560985;B
20240503;100232;584.2;153;10261561027;B
20240503;100232;584.2;47;10261561028;B
20240503;100233;584.2;40;10261561044;B
20240503;100233;584.2;20;10261561045;B
20240503;100233;584.15;240;10261561056;S
20240503;100233;584.2;60;10261561086;B
20240503;100233;584.15;55;10261561153;S
20240503;100233;584.15;1;10261561154;S
20240503;100233;584.2;20;10261561168;B
20240503;100235;584.2;7;10261561402;B
20240503;100237;584.2;1;10261561694;B
20240503;100237;584.2;5;10261561784;B
20240503;100239;584.25;1;10261561978;B
20240503;100239;584.25;1;10261562039;B
20240503;100240;584.25;1;10261562101;B
20240503;100242;584.2;1;10261562291;S
20240503;100242;584.25;2;10261562334;B
20240503;100245;584.2;94;10261562722;S
20240503;100245;584.15;62;10261562723;S
20240503;100245;584.1;45;10261562724;S
20240503;100245;584.1;34;10261562725;S
20240503;100245;584.1;40;10261562739;B
20240503;100245;584.1;20;10261562740;B
20240503;100245;584.1;20;10261562742;B
20240503;100245;584.05;1;10261562763;S
20240503;100245;584.05;9;10261562787;S
20240503;100245;584.05;5;10261562788;S
20240503;100245;584.1;20;10261562814;B
20240503;100246;584.1;1;10261562966;B
20240503;100247;584.1;10;10261563125;B
20240503;100247;584.05;40;10261563160;S
20240503;100247;584.1;1;10261563191;B
20240503;100248;584.1;1;10261563268;B
20240503;100248;584.05;1;10261563308;S
20240503;100249;584.1;15;10261563394;B
20240503;100249;584.05;1;10261563407;S
20240503;100249;584.1;20;10261563415;B
20240503;100250;584.1;79;10261563599;B
20240503;100250;584.1;20;10261563607;B
20240503;100251;584.1;3;10261563713;B
20240503;100252;584.1;7;10261563771;B
20240503;100253;584.05;1;10261563888;S
20240503;100255;584.05;1;10261564159;S
20240503;100255;584.05;108;10261564236;S
20240503;100256;584.1;8;10261564269;B
20240503;100256;584.1;12;10261564270;B
20240503;100256;584.1;2;10261564320;B
20240503;100256;584.1;86;10261564354;B
20240503;100256;584.15;46;10261564355;B
20240503;100256;584.2;16;10261564356;B
20240503;100256;584.2;20;10261564364;B
20240503;100256;584.2;20;10261564365;B
20240503;100259;584.05;14;10261564862;S
20240503;100259;584.05;177;10261564863;S
20240503;100259;584.05;157;10261564864;S
20240503;100259;584;604;10261564865;S
20240503;100259;584;20;10261564866;S
20240503;100259;584;20;10261564867;S
20240503;100259;584;40;10261564868;S
20240503;100259;584;200;10261564869;S
20240503;100259;584;1;10261564870;S
20240503;100259;584;3;10261564871;S
20240503;100259;584;112;10261564872;S
20240503;100259;584;46;10261564880;S
20240503;100259;584;4;10261564881;S
20240503;100259;583.95;152;10261564882;S
20240503;100259;584;40;10261564902;B
20240503;100259;584;40;10261564903;B
20240503;100259;584;92;10261564906;B
20240503;100259;584;28;10261564907;B
20240503;100259;584;60;10261564908;B
20240503;100259;584;40;10261564909;B
20240503;100259;584;40;10261564911;B
20240503;100259;584;9;10261564912;B
20240503;100259;584;131;10261564913;B
20240503;100259;584;20;10261564920;B
20240503;100259;584;60;10261564922;B
20240503;100259;584;40;10261564923;B
20240503;100259;584;20;10261564926;B
20240503;100259;584;40;10261564945;B
20240503;100259;583.95;40;10261564960;B
20240503;100259;583.95;20;10261564963;B
20240503;100259;583.95;20;10261564966;B
20240503;100259;583.95;20;10261564967;B
20240503;100259;584;40;10261564970;B
20240503;100259;584;20;10261564971;B
20240503;100259;584;40;10261564972;B
20240503;100259;584;20;10261564973;B
20240503;100259;584;20;10261564974;B
20240503;100259;584;20;10261564976;B
20240503;100259;584;40;10261564977;B
20240503;100259;584;20;10261564978;B
20240503;100259;584;20;10261564979;B
20240503;100259;583.9;100;10261564989;S
20240503;100259;583.9;71;10261564990;S
20240503;100259;583.9;177;10261564991;S
20240503;100259;583.85;100;10261564992;S
20240503;100259;583.9;20;10261564998;B
20240503;100259;583.9;20;10261565000;B
20240503;100259;583.9;20;10261565001;B
20240503;100259;583.9;20;10261565002;B
20240503;100259;583.9;20;10261565005;B
20240503;100259;583.9;20;10261565007;B
20240503;100259;583.9;20;10261565010;B
20240503;100300;583.9;20;10261565011;B
20240503;100300;583.9;40;10261565012;B
20240503;100300;583.85;100;10261565014;S
20240503;100300;583.9;40;10261565016;B
20240503;100300;583.85;71;10261565017;S
20240503;100300;583.85;46;10261565018;S
20240503;100300;583.85;158;10261565019;S
20240503;100300;583.85;40;10261565020;B
20240503;100300;583.85;20;10261565021;B
20240503;100300;583.85;40;10261565022;B
20240503;100300;583.85;20;10261565023;B
20240503;100300;583.85;5;10261565039;B
20240503;100300;583.85;15;10261565040;B
20240503;100300;583.85;20;10261565041;B
20240503;100300;583.85;20;10261565042;B
20240503;100300;583.85;40;10261565043;B
20240503;100300;583.85;20;10261565044;B
20240503;100300;583.85;40;10261565045;B
20240503;100300;583.85;20;10261565046;B
20240503;100300;583.85;20;10261565049;B
20240503;100300;583.85;20;10261565050;B
20240503;100300;583.85;20;10261565052;B
20240503;100300;583.85;20;10261565053;B
20240503;100300;583.85;40;10261565055;B
20240503;100300;583.85;20;10261565059;B
20240503;100300;583.8;18;10261565062;S
20240503;100300;583.8;82;10261565063;S
20240503;100300;583.8;89;10261565064;S
20240503;100300;583.8;177;10261565065;S
20240503;100300;583.75;12;10261565067;S
20240503;100300;583.75;159;10261565068;S
20240503;100300;583.75;47;10261565069;S
20240503;100300;583.75;159;10261565070;S
20240503;100300;583.75;20;10261565085;B
20240503;100300;583.75;20;10261565086;B
20240503;100300;583.75;20;10261565087;B
20240503;100300;583.75;20;10261565088;B
20240503;100300;583.75;20;10261565090;B
20240503;100300;583.75;20;10261565092;B
20240503;100300;583.75;15;10261565093;B
20240503;100300;583.75;5;10261565094;B
20240503;100300;583.75;40;10261565095;B
20240503;100300;583.75;60;10261565096;B
20240503;100300;583.75;20;10261565097;B
20240503;100300;583.75;40;10261565098;B
20240503;100300;583.75;20;10261565099;B
20240503;100300;583.75;40;10261565101;B
20240503;100300;583.75;60;10261565102;B
20240503;100300;583.75;40;10261565103;B
20240503;100300;583.75;40;10261565104;B
20240503;100300;583.75;20;10261565117;B
20240503;100300;583.8;20;10261565118;B
20240503;100300;583.9;20;10261565119;B
20240503;100300;583.9;14;10261565121;B
20240503;100300;583.95;6;10261565122;B
20240503;100300;583.75;100;10261565123;S
20240503;100300;584;20;10261565124;S
20240503;100300;583.95;20;10261565125;B
20240503;100300;583.75;6;10261565126;S
20240503;100300;584;20;10261565127;B
20240503;100300;583.95;20;10261565129;B
20240503;100300;583.95;20;10261565130;B
20240503;100300;583.95;20;10261565131;B
20240503;100300;583.95;20;10261565173;B
20240503;100300;583.95;20;10261565174;B
20240503;100300;583.95;20;10261565175;B
20240503;100300;583.95;20;10261565176;B
20240503;100300;583.95;20;10261565177;B
20240503;100300;583.95;20;10261565178;B
20240503;100300;583.95;8;10261565184;B
20240503;100300;583.95;20;10261565188;B
20240503;100300;583.95;20;10261565191;B
20240503;100300;583.75;222;10261565201;S
20240503;100300;583.9;20;10261565206;B
20240503;100300;583.9;40;10261565208;B
20240503;100300;583.9;20;10261565209;B
20240503;100300;583.9;40;10261565210;B
20240503;100301;583.9;20;10261565257;B
20240503;100301;583.9;20;10261565259;B
20240503;100301;583.9;20;10261565289;B
20240503;100301;583.9;20;10261565309;B
20240503;100301;583.75;34;10261565313;S
20240503;100301;583.7;10;10261565314;S
20240503;100301;583.7;171;10261565315;S
20240503;100301;583.7;177;10261565316;S
20240503;100301;583.65;17;10261565317;S
20240503;100301;583.8;40;10261565340;B
20240503;100301;583.8;40;10261565341;B
20240503;100301;583.8;40;10261565342;B
20240503;100301;583.8;40;10261565343;B
20240503;100301;583.8;10;10261565346;B
20240503;100301;583.8;20;10261565356;B
20240503;100301;583.8;20;10261565357;B
20240503;100301;583.8;20;10261565358;B
20240503;100301;583.8;20;10261565359;B
20240503;100301;583.8;20;10261565387;B
20240503;100302;583.8;20;10261565397;B
20240503;100302;583.8;68;10261565408;B
20240503;100302;583.8;20;10261565413;B
20240503;100302;583.8;20;10261565414;B
20240503;100302;583.7;85;10261565422;S
20240503;100302;583.8;20;10261565426;B
20240503;100302;583.8;20;10261565429;B
20240503;100302;583.7;1;10261565449;S
20240503;100303;583.7;1;10261565634;S
20240503;100305;583.8;1;10261566036;B
20240503;100307;583.8;37;10261566568;B
20240503;100307;583.8;20;10261566585;B
20240503;100307;583.8;20;10261566591;B
20240503;100308;583.8;4;10261566605;B
20240503;100309;583.85;3;10261566808;B
20240503;100310;583.8;5;10261566974;S
20240503;100310;583.75;385;10261566975;S
20240503;100310;583.7;84;10261566976;S
20240503;100310;583.7;56;10261566977;S
20240503;100310;583.7;177;10261566978;S
20240503;100310;583.7;48;10261566979;S
20240503;100310;583.65;154;10261566980;S
20240503;100310;583.65;159;10261566981;S
20240503;100310;583.65;34;10261566982;S
20240503;100310;583.6;9;10261566983;S
20240503;100310;583.6;171;10261566984;S
20240503;100310;583.6;44;10261566985;S
20240503;100310;583.7;80;10261567021;B
20240503;100310;583.85;20;10261567022;B
20240503;100310;583.9;34;10261567023;B
20240503;100310;583.9;26;10261567024;B
20240503;100310;583.85;20;10261567025;B
20240503;100310;583.85;14;10261567026;B
20240503;100310;583.9;66;10261567027;B
20240503;100310;583.9;40;10261567028;B
20240503;100310;583.9;20;10261567029;B
20240503;100310;583.9;25;10261567030;B
20240503;100310;583.95;15;10261567031;B
20240503;100310;583.9;60;10261567032;B
20240503;100310;583.9;3;10261567033;B
20240503;100310;583.95;37;10261567034;B
20240503;100310;583.95;20;10261567035;B
20240503;100310;583.95;40;10261567036;B
20240503;100310;583.95;40;10261567037;B
20240503;100310;583.95;40;10261567038;B
20240503;100310;583.95;1;10261567066;B
20240503;100310;583.95;20;10261567088;B
20240503;100310;583.95;20;10261567089;B
20240503;100310;583.95;20;10261567090;B
20240503;100310;583.95;20;10261567094;B
20240503;100310;583.95;20;10261567095;B
20240503;100310;583.95;40;10261567096;B
20240503;100310;583.95;20;10261567097;B
20240503;100310;583.95;20;10261567098;B
20240503;100310;583.95;20;10261567099;B
20240503;100310;583.95;20;10261567100;B
20240503;100310;584;20;10261567102;B
20240503;100311;584.1;20;10261567103;B
20240503;100311;583.95;20;10261567125;B
20240503;100311;583.95;20;10261567127;B
20240503;100311;583.95;20;10261567128;B
20240503;100311;583.95;20;10261567129;B
20240503;100311;583.95;20;10261567131;B
20240503;100311;583.95;20;10261567132;B
20240503;100311;583.95;20;10261567149;B
20240503;100311;583.95;20;10261567150;B
20240503;100311;583.7;7;10261567151;S
20240503;100311;583.85;20;10261567169;B
20240503;100311;583.9;7;10261567186;B
20240503;100311;583.95;13;10261567187;B
20240503;100315;583.8;1;10261568031;S
20240503;100315;583.85;1;10261568051;B
20240503;100316;583.85;20;10261568162;B
20240503;100317;583.85;178;10261568448;B
20240503;100317;583.85;40;10261568488;B
20240503;100317;583.85;172;10261568490;S
20240503;100317;583.9;40;10261568498;B
20240503;100318;583.8;1;10261568502;S
20240503;100318;583.95;60;10261568507;B
20240503;100318;583.95;20;10261568510;B
20240503;100318;583.95;40;10261568514;B
20240503;100318;583.95;20;10261568527;B
20240503;100318;583.95;20;10261568534;B
20240503;100318;583.95;20;10261568536;B
20240503;100320;583.9;8;10261568937;B
20240503;100326;583.9;1;10261569717;B
20240503;100326;583.95;18;10261569718;B
20240503;100326;583.95;20;10261569745;B
20240503;100326;583.95;20;10261569763;B
20240503;100327;583.95;50;10261570031;B
20240503;100328;583.95;20;10261570059;B
20240503;100329;583.95;20;10261570212;B
20240503;100329;583.95;20;10261570224;B
20240503;100329;583.9;2;10261570228;S
20240503;100329;583.95;1;10261570309;B
20240503;100331;583.9;4;10261570503;S
20240503;100333;583.95;140;10261570886;B
20240503;100333;584;4;10261570894;B
20240503;100333;584;40;10261570895;B
20240503;100333;584;40;10261570899;B
20240503;100333;584;20;10261570912;B
20240503;100333;583.95;2;10261570943;B
20240503;100333;584;18;10261570944;B
20240503;100333;584;20;10261570959;B
20240503;100335;583.9;4;10261571176;S
20240503;100335;583.9;46;10261571177;S
20240503;100335;584;358;10261571179;B
20240503;100335;584;642;10261571180;B
20240503;100335;584.1;10;10261571191;B
20240503;100335;584.1;10;10261571192;B
20240503;100335;584.05;172;10261571193;S
20240503;100335;584.05;80;10261571194;B
20240503;100335;584.05;48;10261571196;B
20240503;100335;584.15;92;10261571197;B
20240503;100335;584.15;40;10261571223;B
20240503;100335;584.15;20;10261571225;B
20240503;100335;584.15;19;10261571227;B
20240503;100335;584.2;1;10261571228;B
20240503;100335;584.15;20;10261571260;B
20240503;100335;584.05;1;10261571289;S
20240503;100335;584.15;3;10261571290;B
20240503;100337;584.05;150;10261571546;S
20240503;100337;584.15;40;10261571585;B
20240503;100337;584.1;20;10261571590;B
20240503;100337;584.15;12;10261571608;B
20240503;100337;584.05;172;10261571622;S
20240503;100337;584;80;10261571623;S
20240503;100337;584;140;10261571624;S
20240503;100337;584;40;10261571644;B
20240503;100337;584;40;10261571645;B
20240503;100337;584;20;10261571653;B
20240503;100337;584;40;10261571654;B
20240503;100338;584;20;10261571674;B
20240503;100338;584;20;10261571676;B
20240503;100338;584;20;10261571677;B
20240503;100338;584;20;10261571679;B
20240503;100338;584;20;10261571689;B
20240503;100341;583.95;2;10261572178;B
20240503;100346;583.95;6;10261573083;S
20240503;100346;584;150;10261573190;B
20240503;100346;584;40;10261573195;B
20240503;100346;584;40;10261573198;B
20240503;100346;584;20;10261573203;B
20240503;100346;584;20;10261573204;B
20240503;100347;584;20;10261573220;B
20240503;100348;583.95;92;10261573423;S
20240503;100348;583.95;208;10261573424;S
20240503;100348;584;40;10261573436;B
20240503;100348;584;38;10261573437;B
20240503;100348;584.05;22;10261573438;B
20240503;100348;584.15;20;10261573455;B
20240503;100353;584;4;10261574102;S
20240503;100353;584.1;20;10261574114;B
20240503;100354;584.15;2;10261574158;B
20240503;100354;584;1;10261574240;S
20240503;100354;584.15;74;10261574259;B
20240503;100354;584.2;76;10261574260;B
20240503;100354;584.15;40;10261574269;B
20240503;100354;584.15;20;10261574294;B
20240503;100356;584.15;26;10261574516;B
20240503;100400;584.2;25;10261575039;B
20240503;100404;584.2;1;10261575880;B
20240503;100407;584.2;2;10261576234;B
20240503;100408;584.2;17;10261576360;B
20240503;100408;584.2;20;10261576363;B
20240503;100409;584.2;1;10261576444;B
20240503;100411;584.2;1;10261576717;B
20240503;100411;584.05;100;10261576743;S
20240503;100411;584.1;20;10261576778;B
20240503;100414;584;10;10261577189;S
20240503;100416;584.1;2;10261577468;B
20240503;100417;584.1;10;10261577616;B
20240503;100418;584;5;10261577794;S
20240503;100418;584;40;10261577795;S
20240503;100418;584;20;10261577796;S
20240503;100418;584;3;10261577797;S
20240503;100418;583.85;32;10261577798;S
20240503;100418;584;20;10261577810;B
20240503;100418;584;20;10261577812;B
20240503;100418;584;20;10261577825;B
20240503;100422;583.8;1;10261578373;S
20240503;100422;583.8;10;10261578374;S
20240503;100422;583.85;20;10261578444;B
20240503;100422;583.65;10;10261578543;S
20240503;100424;583.8;1;10261578886;B
20240503;100428;583.75;50;10261579375;B
20240503;100428;583.75;20;10261579433;B
20240503;100428;583.75;20;10261579457;B
20240503;100428;583.75;1;10261579531;B
20240503;100433;583.65;16;10261580241;S
20240503;100434;583.65;4;10261580447;S
20240503;100437;583.75;1;10261580765;B
20240503;100437;583.65;6;10261580796;S
20240503;100437;583.6;5;10261580797;S
20240503;100437;583.6;5;10261580798;S
20240503;100437;583.55;200;10261580799;S
20240503;100437;583.55;3;10261580800;S
20240503;100437;583.5;46;10261580801;S
20240503;100437;583.5;5;10261580802;S
20240503;100437;583.5;158;10261580803;S
20240503;100437;583.5;34;10261580804;S
20240503;100437;583.5;38;10261580805;S
20240503;100437;583.65;34;10261580817;B
20240503;100437;583.65;26;10261580818;B
20240503;100437;583.65;20;10261580820;B
20240503;100437;583.65;25;10261580821;B
20240503;100437;583.65;15;10261580822;B
20240503;100437;583.65;40;10261580823;B
20240503;100437;583.65;20;10261580828;B
20240503;100437;583.65;40;10261580834;B
20240503;100437;583.65;20;10261580836;B
20240503;100437;583.7;20;10261580856;B
20240503;100437;583.7;20;10261580857;B
20240503;100437;583.7;20;10261580858;B
20240503;100437;583.7;20;10261580860;B
20240503;100437;583.7;20;10261580861;B
20240503;100438;583.75;20;10261580893;B
20240503;100438;583.75;20;10261580897;B
20240503;100438;583.75;20;10261580925;B
20240503;100441;583.75;1;10261581369;B
20240503;100441;583.75;100;10261581445;B
20240503;100442;583.75;40;10261581465;B
20240503;100442;583.75;20;10261581466;B
20240503;100442;583.75;20;10261581475;B
20240503;100442;583.75;20;10261581476;B
20240503;100443;583.8;8;10261581692;B
20240503;100444;583.8;9;10261581744;B
20240503;100444;583.7;1;10261581748;S
20240503;100444;583.65;1;10261581760;B
20240503;100444;583.65;16;10261581761;B
20240503;100444;583.8;4;10261581762;B
20240503;100444;583.8;6;10261581897;B
20240503;100447;583.8;60;10261582425;B
20240503;100447;583.8;20;10261582428;B
20240503;100447;583.8;20;10261582456;B
20240503;100451;583.8;10;10261583085;B
20240503;100451;583.85;20;10261583115;B
20240503;100452;583.9;10;10261583231;S
20240503;100453;583.8;45;10261583387;S
20240503;100453;583.75;155;10261583388;S
20240503;100453;583.75;20;10261583410;B
20240503;100453;583.75;40;10261583411;B
20240503;100453;583.75;40;10261583413;B
20240503;100453;583.75;20;10261583433;B
20240503;100453;583.75;20;10261583435;B
20240503;100453;583.75;20;10261583451;B
20240503;100453;583.75;8;10261583475;B
20240503;100454;583.7;7;10261583531;S
20240503;100454;583.7;48;10261583532;S
20240503;100454;583.7;124;10261583533;S
20240503;100454;583.7;40;10261583555;B
20240503;100454;583.7;3;10261583558;B
20240503;100454;583.7;17;10261583559;B
20240503;100454;583.7;40;10261583560;B
20240503;100454;583.7;20;10261583571;B
20240503;100454;583.7;20;10261583572;B
20240503;100454;583.7;20;10261583595;B
20240503;100455;583.65;283;10261583709;S
20240503;100455;583.7;46;10261583719;B
20240503;100455;583.75;14;10261583720;B
20240503;100455;583.8;60;10261583721;B
20240503;100455;583.8;20;10261583725;B
20240503;100455;583.85;20;10261583728;B
20240503;100455;583.85;20;10261583742;B
20240503;100455;583.85;20;10261583758;B
20240503;100457;583.8;1;10261584029;S
20240503;100457;583.7;34;10261584030;S
20240503;100457;583.7;3;10261584031;S
20240503;100457;583.7;46;10261584032;S
20240503;100457;583.65;16;10261584033;S
20240503;100457;583.8;20;10261584067;B
20240503;100457;583.8;20;10261584068;B
20240503;100500;583.75;46;10261584503;B
20240503;100500;583.8;104;10261584504;B
20240503;100500;583.8;20;10261584516;B
20240503;100500;583.85;20;10261584517;B
20240503;100500;583.85;14;10261584519;B
20240503;100500;583.85;6;10261584520;B
20240503;100500;583.85;20;10261584521;B
20240503;100500;583.85;20;10261584558;B
20240503;100500;583.8;20;10261584585;B
20240503;100501;583.85;2;10261584735;B
20240503;100507;583.85;5;10261585508;B
20240503;100508;583.7;100;10261585706;S
20240503;100508;583.75;40;10261585715;B
20240503;100508;583.75;20;10261585716;B
20240503;100508;583.75;20;10261585734;B
20240503;100508;583.75;2;10261585739;B
20240503;100508;583.75;20;10261585750;B
20240503;100510;583.65;43;10261585969;S
20240503;100510;583.7;20;10261585976;B
20240503;100510;583.7;20;10261585983;B
20240503;100517;583.7;2;10261587172;B
20240503;100517;583.65;1;10261587200;S
20240503;100517;583.7;1;10261587276;B
20240503;100518;583.65;8;10261587357;S
20240503;100518;583.6;9;10261587358;S
20240503;100518;583.6;48;10261587359;S
20240503;100518;583.55;34;10261587360;S
20240503;100518;583.55;50;10261587361;S
20240503;100518;583.5;46;10261587362;S
20240503;100518;583.45;5;10261587363;S
20240503;100518;583.45;172;10261587364;S
20240503;100518;583.4;10;10261587365;S
20240503;100518;583.4;3;10261587366;S
20240503;100518;583.4;177;10261587367;S
20240503;100518;583.4;100;10261587368;S
20240503;100518;583.35;38;10261587369;S
20240503;100518;583.55;16;10261587392;B
20240503;100518;583.55;4;10261587393;B
20240503;100518;583.55;20;10261587394;B
20240503;100518;583.55;40;10261587395;B
20240503;100518;583.55;40;10261587396;B
20240503;100518;583.55;20;10261587397;B
20240503;100518;583.55;20;10261587398;B
20240503;100518;583.55;20;10261587402;B
20240503;100518;583.55;40;10261587403;B
20240503;100518;583.65;20;10261587404;B
20240503;100518;583.6;40;10261587405;B
20240503;100518;583.6;40;10261587406;B
20240503;100518;583.6;20;10261587407;B
20240503;100518;583.6;20;10261587444;B
20240503;100518;583.6;20;10261587446;B
20240503;100518;583.6;20;10261587447;B
20240503;100518;583.6;20;10261587448;B
20240503;100518;583.65;14;10261587449;B
20240503;100518;583.65;6;10261587450;B
20240503;100518;583.65;20;10261587452;B
20240503;100518;583.65;20;10261587455;B
20240503;100518;583.55;15;10261587472;B
20240503;100518;583.65;5;10261587473;B
20240503;100518;583.65;20;10261587474;B
20240503;100518;583.65;20;10261587475;B
20240503;100519;583.65;20;10261587489;B
20240503;100520;583.55;2;10261587672;B
20240503;100522;583.55;2;10261587901;B
20240503;100525;583.5;18;10261588406;S
20240503;100525;583.55;13;10261588416;B
20240503;100525;583.6;7;10261588417;B
20240503;100526;583.5;82;10261588517;S
20240503;100526;583.4;34;10261588518;S
20240503;100526;583.4;172;10261588519;S
20240503;100526;583.4;177;10261588520;S
20240503;100526;583.4;32;10261588521;S
20240503;100526;583.35;3;10261588522;S
20240503;100526;583.5;12;10261588538;B
20240503;100526;583.5;8;10261588539;B
20240503;100526;583.5;40;10261588541;B
20240503;100526;583.5;40;10261588543;B
20240503;100526;583.5;20;10261588548;B
20240503;100526;583.5;40;10261588549;B
20240503;100526;583.5;40;10261588550;B
20240503;100526;583.5;20;10261588551;B
20240503;100526;583.5;20;10261588570;B
20240503;100526;583.5;20;10261588571;B
20240503;100526;583.5;20;10261588572;B
20240503;100526;583.5;20;10261588574;B
20240503;100527;583.5;20;10261588606;B
20240503;100527;583.5;20;10261588609;B
20240503;100527;583.5;20;10261588634;B
20240503;100531;583.5;2;10261589294;B
20240503;100532;583.5;10;10261589410;B
20240503;100532;583.5;20;10261589417;B
20240503;100536;583.4;2;10261590049;B
20240503;100536;583.45;3;10261590050;B
20240503;100536;583.35;4;10261590055;S
20240503;100538;583.35;1;10261590282;S
20240503;100539;583.35;1;10261590474;S
20240503;100541;583.45;3;10261590638;B
20240503;100542;583.3;2;10261590748;S
20240503;100542;583.4;1;10261590840;B
20240503;100545;583.4;1;10261591171;B
20240503;100546;583.4;100;10261591563;B
20240503;100546;583.45;40;10261591574;B
20240503;100546;583.45;20;10261591575;B
20240503;100546;583.45;20;10261591580;B
20240503;100547;583.45;14;10261591631;B
20240503;100547;583.45;6;10261591632;B
20240503;100547;583.3;2;10261591662;S
20240503;100547;583.45;5;10261591706;B
20240503;100548;583.45;1;10261591796;B
20240503;100548;583.4;5;10261591805;S
20240503;100548;583.35;46;10261591806;S
20240503;100548;583.3;9;10261591807;S
20240503;100548;583.45;150;10261591819;B
20240503;100548;583.45;20;10261591831;B
20240503;100548;583.45;1;10261591832;B
20240503;100548;583.45;39;10261591833;B
20240503;100548;583.5;11;10261591834;B
20240503;100548;583.5;8;10261591835;B
20240503;100548;583.5;1;10261591836;B
20240503;100548;583.55;20;10261591837;B
20240503;100548;583.55;20;10261591843;B
20240503;100548;583.55;20;10261591848;B
20240503;100548;583.5;10;10261591863;B
20240503;100548;583.55;10;10261591864;B
20240503;100548;583.55;20;10261591882;B
20240503;100554;583.5;1;10261592848;B
20240503;100555;583.45;59;10261593176;S
20240503;100555;583.35;41;10261593177;S
20240503;100555;583.5;10;10261593215;B
20240503;100555;583.55;10;10261593216;B
20240503;100555;583.55;20;10261593228;B
20240503;100555;583.55;20;10261593281;B
20240503;100556;583.55;100;10261593286;B
20240503;100556;583.5;9;10261593306;B
20240503;100556;583.55;11;10261593307;B
20240503;100556;583.55;35;10261593309;B
20240503;100556;583.55;5;10261593310;B
20240503;100556;583.55;20;10261593323;B
20240503;100556;583.55;20;10261593341;B
20240503;100556;583.5;5;10261593364;B
20240503;100556;583.55;20;10261593389;B
20240503;100600;583.5;8;10261593904;B
20240503;100600;583.6;142;10261593905;B
20240503;100600;583.6;40;10261593923;B
20240503;100600;583.65;40;10261593924;B
20240503;100600;583.6;7;10261593944;B
20240503;100600;583.65;13;10261593945;B
20240503;100600;583.65;20;10261593992;B
20240503;100600;583.45;27;10261594012;S
20240503;100600;583.65;20;10261594016;B
20240503;100603;583.45;3;10261594484;S
20240503;100605;583.45;4;10261594863;S
20240503;100605;583.45;1;10261594864;S
20240503;100605;583.4;95;10261594865;S
20240503;100605;583.65;7;10261594883;B
20240503;100605;583.65;33;10261594884;B
20240503;100605;583.6;7;10261594895;B
20240503;100605;583.7;13;10261594896;B
20240503;100606;583.65;20;10261594926;B
20240503;100606;583.65;20;10261594928;B
20240503;100606;583.65;100;10261595005;B
20240503;100606;583.65;37;10261595027;B
20240503;100606;583.7;3;10261595028;B
20240503;100606;583.7;20;10261595029;B
20240503;100606;583.7;7;10261595046;B
20240503;100606;583.7;13;10261595047;B
20240503;100606;583.75;20;10261595049;B
20240503;100609;583.65;2;10261595457;B
20240503;100611;583.65;1;10261595842;B
20240503;100612;583.65;1;10261596033;B
20240503;100615;583.45;34;10261596582;S
20240503;100615;583.35;45;10261596583;S
20240503;100615;583.35;21;10261596584;S
20240503;100616;583.55;20;10261596608;B
20240503;100616;583.55;20;10261596611;B
20240503;100616;583.6;7;10261596664;B
20240503;100616;583.6;13;10261596665;B
20240503;100616;583.6;20;10261596684;B
20240503;100617;583.6;1;10261596832;B
20240503;100617;583.65;1;10261596833;B
20240503;100617;583.7;98;10261596834;B
20240503;100617;583.7;6;10261596850;B
20240503;100617;583.75;1;10261596851;B
20240503;100617;583.75;33;10261596852;B
20240503;100617;583.75;20;10261596853;B
20240503;100617;583.75;20;10261596868;B
20240503;100617;583.7;6;10261596892;B
20240503;100617;583.75;14;10261596893;B
20240503;100619;583.7;2;10261597195;B
20240503;100620;583.75;1;10261597330;B
20240503;100621;583.75;3;10261597434;B
20240503;100621;583.6;172;10261597450;S
20240503;100621;583.6;28;10261597491;B
20240503;100621;583.75;5;10261597492;B
20240503;100621;583.8;7;10261597493;B
20240503;100621;583.8;40;10261597501;B
20240503;100621;583.8;20;10261597512;B
20240503;100621;583.8;20;10261597534;B
20240503;100624;583.85;1;10261598102;B
20240503;100626;583.85;100;10261598399;B
20240503;100626;583.85;17;10261598420;B
20240503;100626;583.85;23;10261598421;B
20240503;100626;583.85;20;10261598423;B
20240503;100626;583.85;20;10261598450;B
20240503;100627;583.85;20;10261598472;B
20240503;100627;583.85;2;10261598753;B
20240503;100632;583.85;2;10261599630;B
20240503;100632;583.85;24;10261599665;B
20240503;100633;583.85;1;10261599775;B
20240503;100635;583.7;100;10261600042;S
20240503;100636;583.85;40;10261600049;B
20240503;100636;583.85;20;10261600052;B
20240503;100636;583.85;20;10261600064;B
20240503;100636;583.85;20;10261600065;B
20240503;100637;583.9;100;10261600249;B
20240503;100637;583.9;40;10261600255;B
20240503;100637;583.9;20;10261600256;B
20240503;100637;583.95;10;10261600276;B
20240503;100637;583.95;10;10261600277;B
20240503;100637;583.95;20;10261600279;B
20240503;100638;583.95;2;10261600366;B
20240503;100639;583.95;1;10261600552;B
20240503;100643;583.8;4;10261601030;S
20240503;100646;583.8;6;10261601542;S
20240503;100646;583.8;44;10261601543;S
20240503;100646;583.8;20;10261601559;B
20240503;100646;583.8;20;10261601560;B
20240503;100649;583.8;1;10261602012;B
20240503;100649;583.75;2;10261602058;S
20240503;100651;583.8;100;10261602311;B
20240503;100651;583.8;40;10261602322;B
20240503;100651;583.8;20;10261602323;B
20240503;100651;583.8;20;10261602347;B
20240503;100651;583.8;20;10261602348;B
20240503;100653;583.75;1;10261602769;S
20240503;100653;583.7;44;10261602770;S
20240503;100654;583.65;27;10261602808;S
20240503;100654;583.65;38;10261602809;S
20240503;100654;583.8;20;10261602813;B
20240503;100654;583.85;1;10261602842;B
20240503;100654;583.85;5;10261602843;B
20240503;100654;583.9;14;10261602844;B
20240503;100654;583.9;20;10261602845;B
20240503;100654;583.9;20;10261602876;B
20240503;100656;583.9;4;10261603290;B
20240503;100659;583.9;3;10261603598;B
20240503;100700;583.75;1;10261603650;S
20240503;100700;583.9;1;10261603656;B
20240503;100704;583.75;171;10261604279;S
20240503;100705;583.75;60;10261604302;B
20240503;100705;583.75;40;10261604303;B
20240503;100705;583.75;20;10261604309;B
20240503;100705;583.75;9;10261604310;B
20240503;100705;583.8;11;10261604311;B
20240503;100705;583.85;20;10261604328;B
20240503;100706;583.8;1;10261604411;S
20240503;100706;583.8;1;10261604575;S
20240503;100706;583.75;2;10261604576;S
20240503;100711;583.75;1;10261605219;S
20240503;100712;583.8;42;10261605367;B
20240503;100713;583.8;20;10261605377;B
20240503;100713;583.7;100;10261605386;S
20240503;100713;583.7;40;10261605394;B
20240503;100713;583.7;20;10261605408;B
20240503;100713;583.7;20;10261605409;B
20240503;100713;583.7;20;10261605415;B
20240503;100716;583.65;1;10261605791;S
20240503;100716;583.65;2;10261605793;S
20240503;100716;583.6;60;10261605852;S
20240503;100716;583.6;44;10261605853;S
20240503;100716;583.6;20;10261605858;B
20240503;100716;583.6;20;10261605860;B
20240503;100716;583.6;20;10261605880;B
20240503;100716;583.6;20;10261605904;B
20240503;100717;583.55;10;10261605906;S
20240503;100717;583.55;106;10261605907;S
20240503;100717;583.65;7;10261605925;B
20240503;100717;583.7;33;10261605926;B
20240503;100717;583.75;5;10261605927;B
20240503;100717;583.8;15;10261605928;B
20240503;100717;583.8;20;10261605946;B
20240503;100717;583.8;20;10261605947;B
20240503;100718;583.8;1;10261606062;B
20240503;100718;583.65;1;10261606080;S
20240503;100719;583.8;11;10261606168;B
20240503;100719;583.8;20;10261606173;B
20240503;100721;583.75;1;10261606363;S
20240503;100721;583.8;30;10261606365;B
20240503;100721;583.8;4;10261606374;B
20240503;100721;583.85;16;10261606375;B
20240503;100723;583.8;172;10261606585;S
20240503;100723;583.75;20;10261606586;S
20240503;100723;583.75;10;10261606610;S
20240503;100723;583.8;108;10261606630;B
20240503;100723;583.85;27;10261606631;B
20240503;100723;583.85;24;10261606632;B
20240503;100723;583.9;40;10261606654;B
20240503;100723;583.9;20;10261606655;B
20240503;100723;583.9;20;10261606656;B
20240503;100723;583.9;20;10261606657;B
20240503;100723;583.9;40;10261606666;B
20240503;100723;583.9;20;10261606667;B
20240503;100723;583.9;20;10261606668;B
20240503;100723;583.9;155;10261606714;B
20240503;100723;583.9;20;10261606723;B
20240503;100723;583.9;20;10261606724;B
20240503;100723;583.9;20;10261606726;B
20240503;100723;583.9;40;10261606738;B
20240503;100723;583.9;40;10261606740;B
20240503;100723;583.9;20;10261606741;B
20240503;100723;583.9;20;10261606763;B
20240503;100723;583.9;20;10261606769;B
20240503;100723;583.9;20;10261606783;B
20240503;100727;583.9;1;10261607283;B
20240503;100729;583.85;3;10261607457;S
20240503;100730;583.85;2;10261607701;S
20240503;100732;583.9;4;10261608028;B
20240503;100732;583.9;196;10261608029;B
20240503;100733;583.9;4;10261608036;B
20240503;100733;583.95;16;10261608037;B
20240503;100733;583.9;129;10261608038;S
20240503;100733;583.9;71;10261608039;S
20240503;100733;584;1;10261608041;B
20240503;100733;584;3;10261608042;B
20240503;100733;584;2;10261608043;B
20240503;100733;584;34;10261608044;B
20240503;100733;584;80;10261608045;B
20240503;100733;584;1;10261608046;B
20240503;100733;584;150;10261608047;B
20240503;100733;584;1;10261608048;B
20240503;100733;584;1;10261608049;B
20240503;100733;584;1;10261608050;B
20240503;100733;584;1;10261608051;B
20240503;100733;584;65;10261608052;B
20240503;100733;584;195;10261608053;B
20240503;100733;584;105;10261608054;B
20240503;100733;584;300;10261608055;B
20240503;100733;584;40;10261608056;B
20240503;100733;584;20;10261608091;B
20240503;100733;584;20;10261608092;B
20240503;100733;584;20;10261608093;B
20240503;100733;584;40;10261608094;B
20240503;100733;584;20;10261608100;B
20240503;100733;584;40;10261608102;B
20240503;100733;584;20;10261608106;B
20240503;100733;584;20;10261608107;B
20240503;100733;584;20;10261608108;B
20240503;100733;584;40;10261608109;B
20240503;100733;584;20;10261608113;B
20240503;100733;584;20;10261608114;B
20240503;100733;584;20;10261608115;B
20240503;100733;584;60;10261608116;B
20240503;100733;584;40;10261608117;B
20240503;100733;584;20;10261608118;B
20240503;100733;584;60;10261608119;B
20240503;100733;584;20;10261608129;B
20240503;100733;584;20;10261608130;B
20240503;100733;584;20;10261608131;B
20240503;100733;584;20;10261608134;B
20240503;100733;584;20;10261608135;B
20240503;100733;584;20;10261608136;B
20240503;100733;584;20;10261608137;B
20240503;100733;584;20;10261608151;B
20240503;100733;584;20;10261608152;B
20240503;100733;584;20;10261608153;B
20240503;100733;584;20;10261608157;B
20240503;100733;584;20;10261608158;B
20240503;100733;584;20;10261608160;B
20240503;100733;584;20;10261608161;B
20240503;100733;584;20;10261608165;B
20240503;100733;583.95;8;10261608167;S
20240503;100733;584;20;10261608168;B
20240503;100733;584;20;10261608181;B
20240503;100733;584;20;10261608192;B
20240503;100734;584;10;10261608328;B
20240503;100734;583.95;2;10261608413;S
20240503;100735;583.9;1;10261608591;S
20240503;100736;583.9;6;10261608714;S
20240503;100736;583.9;172;10261608715;S
20240503;100736;583.85;72;10261608716;S
20240503;100736;584;40;10261608717;B
20240503;100736;584;20;10261608718;B
20240503;100736;584;40;10261608720;B
20240503;100736;584;20;10261608746;B
20240503;100736;584;20;10261608748;B
20240503;100736;583.95;1;10261608770;B
20240503;100736;584;19;10261608771;B
20240503;100737;583.95;5;10261608855;B
20240503;100737;584;143;10261608856;B
20240503;100737;583.95;1;10261608861;B
20240503;100737;584;39;10261608862;B
20240503;100737;584;40;10261608863;B
20240503;100737;584;20;10261608914;B
20240503;100737;584;20;10261608915;B
20240503;100737;584;20;10261608930;B
20240503;100738;583.9;1;10261608955;S
20240503;100738;583.95;1;10261609032;B
20240503;100738;584;1;10261609033;B
20240503;100739;584;4;10261609045;B
20240503;100741;583.95;1;10261609258;B
20240503;100742;583.95;1;10261609486;B
20240503;100742;584;2239;10261609487;B
20240503;100742;584;100;10261609488;S
20240503;100742;584.05;43;10261609489;B
20240503;100742;584.15;3;10261609490;B
20240503;100742;584.15;385;10261609491;B
20240503;100742;584.2;4;10261609492;B
20240503;100742;584.2;68;10261609493;B
20240503;100742;584.15;100;10261609495;S
20240503;100742;584.2;2;10261609497;B
20240503;100742;584.2;20;10261609498;B
20240503;100743;584.2;380;10261609503;B
20240503;100743;584.2;80;10261609521;B
20240503;100743;584.2;20;10261609522;B
20240503;100743;584.2;20;10261609523;B
20240503;100743;584.2;80;10261609525;B
20240503;100743;584.2;20;10261609541;B
20240503;100743;584.2;20;10261609542;B
20240503;100743;584.2;100;10261609608;B
20240503;100743;584.2;32;10261609612;B
20240503;100743;584.2;95;10261609613;B
20240503;100743;584.2;171;10261609614;B
20240503;100743;584.2;49;10261609615;B
20240503;100743;584.2;20;10261609616;B
20240503;100743;584.25;340;10261609617;B
20240503;100743;584.25;1000;10261609618;B
20240503;100743;584.25;1000;10261609619;B
20240503;100743;584.25;1;10261609620;B
20240503;100743;584.25;171;10261609621;B
20240503;100743;584.3;5000;10261609622;B
20240503;100743;584.3;100;10261609623;B
20240503;100743;584.3;21;10261609624;B
20240503;100743;584.3;40;10261609652;B
20240503;100743;584.3;20;10261609653;B
20240503;100744;584.3;60;10261609654;B
20240503;100744;584.3;20;10261609655;B
20240503;100744;584.3;80;10261609656;B
20240503;100744;584.3;220;10261609657;B
20240503;100744;584.3;39;10261609658;B
20240503;100744;584.3;1;10261609659;B
20240503;100744;584.35;180;10261609660;B
20240503;100744;584.35;40;10261609661;B
20240503;100744;584.35;280;10261609662;B
20240503;100744;584.35;50;10261609663;B
20240503;100744;584.4;500;10261609664;B
20240503;100744;584.4;170;10261609665;B
20240503;100744;584.4;5;10261609666;B
20240503;100744;584.45;1;10261609667;B
20240503;100744;584.45;14;10261609668;B
20240503;100744;584.45;20;10261609687;B
20240503;100744;584.45;20;10261609688;B
20240503;100744;584.45;60;10261609689;B
20240503;100744;584.45;40;10261609694;B
20240503;100744;584.45;60;10261609699;B
20240503;100744;584.45;20;10261609700;B
20240503;100744;584.45;100;10261609702;B
20240503;100744;584.45;40;10261609703;B
20240503;100744;584.45;20;10261609729;B
20240503;100744;584.45;20;10261609731;B
20240503;100744;584.45;20;10261609733;B
20240503;100744;584.45;20;10261609734;B
20240503;100744;584.45;20;10261609737;B
20240503;100748;584.4;10;10261610343;S
20240503;100748;584.35;177;10261610344;S
20240503;100748;584.3;50;10261610345;S
20240503;100748;584.25;23;10261610346;S
20240503;100748;584.45;26;10261610359;B
20240503;100748;584.45;3;10261610360;B
20240503;100748;584.45;1;10261610361;B
20240503;100748;584.45;10;10261610362;B
20240503;100748;584.45;20;10261610363;B
20240503;100751;584.45;1;10261610665;B
20240503;100754;584.3;2;10261610990;S
20240503;100754;584.45;1;10261610995;B
20240503;100803;584.4;3;10261612158;B
20240503;100808;584.3;10;10261613178;S
20240503;100810;584.3;4;10261613681;S
20240503;100812;584.35;1;10261614145;B
20240503;100812;584.4;2;10261614194;B
20240503;100814;584.3;66;10261614505;S
20240503;100814;584.3;1;10261614506;S
20240503;100814;584.3;2;10261614507;S
20240503;100814;584.3;2;10261614508;S
20240503;100814;584.3;1;10261614509;S
20240503;100814;584.3;2;10261614510;S
20240503;100814;584.3;1;10261614511;S
20240503;100814;584.3;2;10261614512;S
20240503;100814;584.3;1;10261614513;S
20240503;100814;584.3;2;10261614514;S
20240503;100814;584.15;220;10261614520;S
20240503;100814;584.3;20;10261614568;B
20240503;100814;584.3;60;10261614570;B
20240503;100814;584.3;2;10261614572;B
20240503;100814;584.35;20;10261614591;B
20240503;100818;584.2;1;10261615229;B
20240503;100818;584.25;50;10261615230;B
20240503;100818;584.3;1;10261615231;B
20240503;100818;584.3;48;10261615232;B
20240503;100818;584.3;20;10261615268;B
20240503;100818;584.2;1;10261615279;B
20240503;100818;584.3;19;10261615280;B
20240503;100819;584.3;10;10261615382;B
20240503;100822;584.2;2;10261615812;S
20240503;100822;584.2;1;10261615813;S
20240503;100823;584.2;1;10261615852;S
20240503;100824;584.2;17;10261615989;S
20240503;100826;584.2;1;10261616380;B
20240503;100827;584.25;1;10261616451;B
20240503;100827;584.25;29;10261616452;B
20240503;100828;584.2;50;10261616657;S
20240503;100828;584.2;177;10261616658;S
20240503;100828;584.2;273;10261616659;S
20240503;100828;584.3;20;10261616671;B
20240503;100828;584.3;40;10261616672;B
20240503;100828;584.3;60;10261616673;B
20240503;100828;584.25;20;10261616706;B
20240503;100828;584.25;20;10261616707;B
20240503;100829;584.25;1;10261617005;B
20240503;100830;584.1;10;10261617050;S
20240503;100830;584.2;1;10261617154;B
20240503;100837;584.15;1;10261618043;S
20240503;100840;584.15;4;10261618470;S
20240503;100841;584.15;1;10261618498;S
20240503;100841;584.2;1;10261618554;B
20240503;100841;584.2;1;10261618588;B
20240503;100842;584.25;1;10261618680;B
20240503;100842;584.15;1;10261618682;S
20240503;100846;584.2;1;10261619233;B
20240503;100846;584.2;499;10261619234;S
20240503;100846;584.2;100;10261619235;B
20240503;100846;584.1;1;10261619236;S
20240503;100846;584.25;120;10261619244;B
20240503;100846;584.25;40;10261619245;B
20240503;100846;584.25;40;10261619291;B
20240503;100855;584.1;48;10261620930;S
20240503;100855;584.1;2;10261620958;B
20240503;100855;584.1;18;10261620959;B
20240503;100900;584.15;10;10261621594;B
20240503;100900;584.15;2;10261621618;B
20240503;100902;584.15;4;10261621880;B
20240503;100903;584.1;5;10261622032;B
20240503;100905;584.1;3;10261622231;B
20240503;100905;584.1;25;10261622293;B
20240503;100905;584.05;1;10261622310;S
20240503;100906;584.1;67;10261622423;B
20240503;100906;584.1;177;10261622424;B
20240503;100906;584.15;49;10261622425;B
20240503;100906;584.2;200;10261622426;B
20240503;100906;584.25;2;10261622427;B
20240503;100906;584.3;90;10261622428;B
20240503;100906;584.3;30;10261622429;B
20240503;100906;584.3;378;10261622430;B
20240503;100906;584.3;172;10261622431;B
20240503;100906;584.35;190;10261622432;B
20240503;100906;584.1;49;10261622433;S
20240503;100906;584.1;34;10261622434;S
20240503;100906;584.1;143;10261622435;S
20240503;100906;584.1;40;10261622445;B
20240503;100906;584.1;40;10261622446;B
20240503;100906;584.1;60;10261622447;B
20240503;100906;584.1;40;10261622448;B
20240503;100906;584.1;20;10261622449;B
20240503;100906;584.1;74;10261622450;B
20240503;100906;584.1;6;10261622451;B
20240503;100906;584.1;60;10261622452;B
20240503;100906;584.1;40;10261622453;B
20240503;100906;584.1;20;10261622454;B
20240503;100906;584.1;40;10261622455;B
20240503;100906;584.1;11;10261622475;B
20240503;100906;584.25;9;10261622476;B
20240503;100907;584.25;20;10261622477;B
20240503;100907;584.25;5;10261622478;B
20240503;100907;584.25;5;10261622479;B
20240503;100907;584.25;10;10261622480;B
20240503;100907;584.25;20;10261622481;B
20240503;100907;584.25;20;10261622482;B
20240503;100907;584.25;20;10261622518;B
20240503;100909;584.25;1;10261622844;B
20240503;100911;584.25;2;10261623053;B
20240503;100912;584.25;3;10261623205;B
20240503;100913;584.05;25;10261623341;S
20240503;100913;584.1;7;10261623368;B
20240503;100915;584.1;1;10261623518;B
20240503;100915;584.1;2;10261623519;B
20240503;100915;584.1;2;10261623615;B
20240503;100916;584.1;2;10261623665;B
20240503;100916;584.05;145;10261623754;S
20240503;100916;584;5;10261623755;S
20240503;100917;584.1;40;10261623777;B
20240503;100917;584.1;1;10261623790;B
20240503;100918;584.05;1;10261623883;S
20240503;100919;584.1;22;10261624074;B
20240503;100920;584.1;30;10261624122;B
20240503;100920;584.1;20;10261624132;B
20240503;100922;584.1;50;10261624530;B
20240503;100924;584.1;2;10261625119;B
20240503;100924;584.1;6;10261625127;B
20240503;100924;584.2;14;10261625128;B
20240503;100924;584.1;172;10261625129;S
20240503;100924;584.1;40;10261625133;B
20240503;100925;584.05;100;10261625143;S
20240503;100925;584.1;20;10261625158;B
20240503;100925;584.1;20;10261625165;B
20240503;100926;584.1;9;10261625250;B
20240503;100926;584.05;14;10261625267;S
20240503;100926;584.1;10;10261625297;B
20240503;100926;584.1;20;10261625313;B
20240503;100927;584.1;1;10261625412;B
20240503;100927;584.05;5;10261625469;S
20240503;100928;584.1;50;10261625524;B
20240503;100928;584.1;1;10261625537;B
20240503;100928;584.05;24;10261625553;S
20240503;100928;584.1;20;10261625570;B
20240503;100929;584.05;7;10261625625;S
20240503;100929;584.05;2;10261625756;S
20240503;100930;584.05;18;10261625888;S
20240503;100930;584.05;172;10261625889;S
20240503;100930;584.05;3;10261625890;S
20240503;100930;584;455;10261625891;S
20240503;100930;584;40;10261625892;S
20240503;100930;584;171;10261625893;S
20240503;100930;584;1;10261625894;S
20240503;100930;584;100;10261625895;S
20240503;100930;584;20;10261625896;S
20240503;100930;584;48;10261625897;S
20240503;100930;584;200;10261625898;S
20240503;100930;584;1;10261625899;S
20240503;100930;584;105;10261625900;S
20240503;100930;584;385;10261625901;S
20240503;100930;584;34;10261625902;S
20240503;100930;584;1;10261625903;S
20240503;100930;583.95;137;10261625908;S
20240503;100931;584;100;10261625922;B
20240503;100931;584;40;10261625923;B
20240503;100931;584;20;10261625925;B
20240503;100931;584;40;10261625927;B
20240503;100931;584;20;10261625928;B
20240503;100931;584;100;10261625929;B
20240503;100931;584;40;10261625931;B
20240503;100931;584;20;10261625933;B
20240503;100931;584;20;10261625934;B
20240503;100931;584;37;10261625935;B
20240503;100931;584;3;10261625936;B
20240503;100931;584.05;40;10261625937;B
20240503;100931;584.05;20;10261625938;B
20240503;100931;584.05;60;10261625940;B
20240503;100931;584.1;5;10261625941;B
20240503;100931;584.1;35;10261625942;B
20240503;100931;584.15;5;10261625943;B
20240503;100931;584.15;34;10261625944;B
20240503;100931;584.15;41;10261625945;B
20240503;100931;584.05;172;10261625946;S
20240503;100931;584.05;40;10261625947;B
20240503;100931;584.05;20;10261626024;B
20240503;100931;584.05;20;10261626025;B
20240503;100931;584.05;20;10261626027;B
20240503;100931;584.05;20;10261626030;B
20240503;100931;584.05;20;10261626031;B
20240503;100931;584.05;20;10261626033;B
20240503;100931;584.05;20;10261626034;B
20240503;100931;584.05;40;10261626037;B
20240503;100931;584.05;20;10261626038;B
20240503;100931;584.05;20;10261626049;B
20240503;100931;584.05;20;10261626051;B
20240503;100931;584.05;4;10261626061;B
20240503;100935;584.05;10;10261626536;B
20240503;100935;584;80;10261626541;S
20240503;100935;584;20;10261626542;S
20240503;100935;584.05;20;10261626550;B
20240503;100935;584;12;10261626571;S
20240503;100935;584.05;14;10261626582;B
20240503;100935;584.05;6;10261626583;B
20240503;100935;584.05;1;10261626584;B
20240503;100936;584;8;10261626703;S
20240503;100936;584;7;10261626704;S
20240503;100936;584.05;1;10261626753;B
20240503;100937;584.05;55;10261626873;B
20240503;100937;584;1;10261626900;S
20240503;100937;584.05;1;10261626901;B
20240503;100939;584;2;10261627061;S
20240503;100939;584.05;20;10261627087;B
20240503;100940;584.05;1;10261627259;B
20240503;100940;584;2;10261627338;S
20240503;100943;584.05;1;10261627759;B
20240503;100944;584.1;4;10261627798;B
20240503;100946;584.1;4;10261627991;B
20240503;100949;584.05;1;10261628283;B
20240503;100949;584.05;172;10261628284;S
20240503;100949;584.05;4;10261628291;B
20240503;100949;584.05;40;10261628293;B
20240503;100950;584;28;10261628425;S
20240503;100950;584;20;10261628426;S
20240503;100950;584;20;10261628427;S
20240503;100950;584;20;10261628428;S
20240503;100950;584;12;10261628429;S
20240503;100950;584.05;20;10261628438;B
20240503;100951;584.05;1;10261628654;B
20240503;100954;584.05;1;10261629244;B
20240503;100954;584.05;3;10261629255;B
20240503;100954;584.05;1;10261629317;B
20240503;100955;584.05;10;10261629388;B
20240503;100955;584.05;1;10261629439;B
20240503;100959;584.05;1;10261629823;B
20240503;101000;584;8;10261629968;S
20240503;101000;584;20;10261629969;S
20240503;101000;584;15;10261629970;S
20240503;101000;584.05;20;10261629987;B
20240503;101002;584.05;1;10261630329;B
20240503;101003;584.05;35;10261630408;B
20240503;101004;584.05;2;10261630499;B
20240503;101005;584.05;50;10261630642;B
20240503;101005;584.05;20;10261630713;B
20240503;101006;584;85;10261630800;S
20240503;101006;584;20;10261630801;S
20240503;101006;584;20;10261630802;S
20240503;101006;584;3;10261630803;S
20240503;101006;583.95;2;10261630804;S
20240503;101006;583.95;1;10261630805;S
20240503;101006;583.9;1;10261630808;S
20240503;101006;583.9;4;10261630809;S
20240503;101006;583.95;20;10261630827;B
20240503;101006;583.95;20;10261630833;B
20240503;101006;583.95;20;10261630889;B
20240503;101006;583.95;20;10261630896;B
20240503;101006;583.95;1;10261630898;B
20240503;101007;583.9;34;10261630946;S
20240503;101007;583.9;64;10261630947;S
20240503;101007;583.9;20;10261630983;B
20240503;101007;583.9;20;10261630987;B
20240503;101007;583.9;20;10261630996;B
