<DATE>;<TIME>;<LAST>;<VOL>;<ID>;<OPER>
20240415;095933;578.95;1;10112747643;S
20240415;095933;578.95;3;10112747644;S
20240415;095933;578.95;1;10112747645;S
20240415;095933;578.95;2;10112747646;S
20240415;095933;578.95;6;10112747647;S
20240415;095933;578.95;94;10112747648;S
20240415;095933;578.95;34;10112747649;S
20240415;095933;578.95;2;10112747650;S
20240415;095933;578.95;50;10112747651;S
20240415;095933;578.95;3;10112747652;S
20240415;095933;578.95;17;10112747653;S
20240415;095933;578.95;2;10112747654;S
20240415;095933;578.95;17;10112747655;S
20240415;095933;578.95;1;10112747656;S
20240415;095933;578.95;1;10112747657;S
20240415;095933;578.95;3;10112747658;S
20240415;095933;578.95;1;10112747659;S
20240415;095933;578.95;27;10112747660;S
20240415;095933;578.95;7;10112747661;S
20240415;095933;578.95;2;10112747662;S
20240415;095933;578.95;2;10112747663;S
20240415;095933;578.95;1;10112747664;S
20240415;095933;578.95;2;10112747665;B
20240415;095933;578.95;4;10112747666;S
20240415;095933;578.95;5;10112747667;S
20240415;095933;578.95;2;10112747668;S
20240415;095933;578.95;4;10112747669;B
20240415;095933;578.95;52;10112747670;S
20240415;095933;578.95;20;10112747671;S
20240415;095933;578.95;8;10112747672;S
20240415;095933;578.95;79;10112747673;S
20240415;095933;578.95;5;10112747674;B
20240415;095933;578.95;25;10112747675;B
20240415;095933;578.95;3;10112747676;B
20240415;095933;578.95;2;10112747677;B
20240415;095933;578.95;86;10112747678;B
20240415;095933;578.95;2;10112747679;B
20240415;095933;578.95;5;10112747680;B
20240415;095933;578.95;20;10112747681;B
20240415;095933;578.95;28;10112747682;B
20240415;095933;578.95;1;10112747683;B
20240415;095933;578.95;20;10112747684;B
20240415;095933;578.95;1;10112747685;B
20240415;095933;578.95;196;10112747686;B
20240415;095933;578.95;11;10112747687;B
20240415;095933;578.95;2;10112747688;B
20240415;095933;578.95;1;10112747689;B
20240415;095933;578.95;1;10112747690;B
20240415;095933;578.95;83;10112747691;B
20240415;095933;578.95;9;10112747692;B
20240415;095933;578.95;28;10112747693;B
20240415;095933;578.95;20;10112747694;B
20240415;095933;578.95;145;10112747695;B
20240415;095933;578.95;3;10112747696;B
20240415;095933;578.95;52;10112747697;B
20240415;095933;578.95;45;10112747698;B
20240415;095933;578.95;3;10112747699;B
20240415;095933;578.95;6;10112747700;B
20240415;095933;578.95;1;10112747701;B
20240415;095933;578.95;293;10112747702;B
20240415;095933;578.95;1;10112747703;S
20240415;095933;578.95;5;10112747704;B
20240415;095933;578.95;2;10112747705;B
20240415;095933;578.95;50;10112747706;B
20240415;095933;578.95;1;10112747707;S
20240415;095933;578.95;34;10112747708;B
20240415;095933;578.95;47;10112747709;B
20240415;095933;578.95;1;10112747710;S
20240415;095933;578.95;1;10112747711;S
20240415;095933;578.95;1;10112747712;S
20240415;095933;578.95;10;10112747713;B
20240415;095933;578.95;34;10112747714;B
20240415;095933;578.95;50;10112747715;B
20240415;095933;578.95;1;10112747716;S
20240415;095933;578.95;4;10112747717;S
20240415;095933;578.95;65;10112747718;B
20240415;095933;578.95;1;10112747719;S
20240415;095933;578.95;2;10112747720;S
20240415;095933;578.95;1;10112747721;S
20240415;095933;578.95;2;10112747722;B
20240415;095933;578.95;2;10112747723;B
20240415;095933;578.95;2;10112747724;B
20240415;095933;578.95;11;10112747725;B
20240415;095933;578.95;30;10112747726;B
20240415;095933;578.95;109;10112747727;B
20240415;095933;578.95;1;10112747728;B
20240415;095933;578.95;9;10112747729;B
20240415;095933;578.95;1;10112747730;B
20240415;095933;578.95;1;10112747731;B
20240415;095933;578.95;1;10112747732;B
20240415;095933;578.95;1;10112747733;B
20240415;095933;578.95;9;10112747734;B
20240415;095933;578.95;1;10112747735;B
20240415;095933;578.95;1;10112747736;B
20240415;095933;578.95;1;10112747737;B
20240415;095933;578.95;1;10112747738;B
20240415;095933;578.95;1;10112747739;B
20240415;095933;578.95;1;10112747740;B
20240415;095933;578.95;2;10112747741;B
20240415;095933;578.95;3;10112747742;B
20240415;095933;578.95;1;10112747743;B
20240415;095933;578.95;1;10112747744;B
20240415;095933;578.95;2;10112747745;B
20240415;095933;578.95;17;10112747746;B
20240415;095933;578.95;1;10112747747;B
20240415;095933;578.95;1;10112747748;B
20240415;095933;578.95;2;10112747749;B
20240415;095933;578.95;1;10112747750;B
20240415;095933;578.95;2;10112747751;B
20240415;095933;578.95;2;10112747752;B
20240415;095933;578.95;1;10112747753;B
20240415;095933;578.95;1;10112747754;B
20240415;095933;578.95;1;10112747755;B
20240415;095933;578.95;1;10112747756;B
20240415;095933;578.95;1;10112747757;B
20240415;095933;578.95;2;10112747758;B
20240415;095933;578.95;1;10112747759;B
20240415;095933;578.95;1;10112747760;B
20240415;095933;578.95;1;10112747761;B
20240415;095933;578.95;2;10112747762;B
20240415;095933;578.95;3;10112747763;B
20240415;095933;578.95;1;10112747764;B
20240415;095933;578.95;2;10112747765;B
20240415;095933;578.95;2;10112747766;B
20240415;095933;578.95;2;10112747767;B
20240415;095933;578.95;2;10112747768;B
20240415;095933;578.95;2;10112747769;B
20240415;095933;578.95;2;10112747770;B
20240415;095933;578.95;2;10112747771;B
20240415;095933;578.95;1;10112747772;B
20240415;095933;578.95;1;10112747773;B
20240415;095933;578.95;1;10112747774;B
20240415;095933;578.95;2;10112747775;B
20240415;095933;578.95;4;10112747776;B
20240415;095933;578.95;1;10112747777;B
20240415;095933;578.95;2;10112747778;B
20240415;095933;578.95;2;10112747779;B
20240415;095933;578.95;1;10112747780;B
20240415;095933;578.95;1;10112747781;B
20240415;095933;578.95;1;10112747782;B
20240415;095933;578.95;3;10112747783;B
20240415;095933;578.95;1;10112747784;B
20240415;095933;578.95;7;10112747785;B
20240415;095933;578.95;2;10112747786;B
20240415;095933;578.95;1;10112747787;B
20240415;095933;578.95;1;10112747788;B
20240415;095933;578.95;1;10112747789;B
20240415;095933;578.95;1;10112747790;B
20240415;095933;578.95;2;10112747791;B
20240415;095933;578.95;1;10112747792;B
20240415;095933;578.95;1;10112747793;B
20240415;095933;578.95;2;10112747794;B
20240415;095933;578.95;1;10112747795;B
20240415;095933;578.95;2;10112747796;B
20240415;095933;578.95;2;10112747797;B
20240415;095933;578.95;1;10112747798;B
20240415;095933;578.95;1;10112747799;B
20240415;095933;578.95;1;10112747800;B
20240415;095933;578.95;2;10112747801;B
20240415;095933;578.95;1;10112747802;B
20240415;095933;578.95;1;10112747803;B
20240415;095933;578.95;1;10112747804;B
20240415;095933;578.95;1;10112747805;B
20240415;095933;578.95;1;10112747806;B
20240415;095933;578.95;1;10112747807;B
20240415;095933;578.95;1;10112747808;B
20240415;095933;578.95;1;10112747809;B
20240415;095933;578.95;1;10112747810;B
20240415;095933;578.95;2;10112747811;B
20240415;095933;578.95;2;10112747812;B
20240415;095933;578.95;1;10112747813;B
20240415;095933;578.95;1;10112747814;B
20240415;095933;578.95;2;10112747815;B
20240415;095933;578.95;1;10112747816;B
20240415;095933;578.95;1;10112747817;B
20240415;095933;578.95;2;10112747818;B
20240415;095933;578.95;2;10112747819;B
20240415;095933;578.95;1;10112747820;B
20240415;095933;578.95;2;10112747821;B
20240415;095933;578.95;1;10112747822;B
20240415;095933;578.95;1;10112747823;B
20240415;095933;578.95;4;10112747824;B
20240415;095933;578.95;1;10112747825;B
20240415;095933;578.95;1;10112747826;B
20240415;095933;578.95;2;10112747827;B
20240415;095933;578.95;1;10112747828;B
20240415;095933;578.95;1;10112747829;B
20240415;095933;578.95;1;10112747830;B
20240415;095933;578.95;2;10112747831;B
20240415;095933;578.95;3;10112747832;B
20240415;095933;578.95;3;10112747833;B
20240415;095933;578.95;1;10112747834;B
20240415;095933;578.95;2;10112747835;B
20240415;095933;578.95;1;10112747836;B
20240415;095933;578.95;1;10112747837;B
20240415;095933;578.95;2;10112747838;B
20240415;095933;578.95;3;10112747839;B
20240415;095933;578.95;2;10112747840;B
20240415;095933;578.95;1;10112747841;B
20240415;095933;578.95;2;10112747842;B
20240415;095933;578.95;2;10112747843;B
20240415;095933;578.95;1;10112747844;B
20240415;095933;578.95;1;10112747845;B
20240415;095933;578.95;1;10112747846;B
20240415;095933;578.95;1;10112747847;B
20240415;095933;578.95;1;10112747848;B
20240415;095933;578.95;1;10112747849;B
20240415;095933;578.95;2;10112747850;B
20240415;095933;578.95;1;10112747851;B
20240415;095933;578.95;2;10112747852;B
20240415;095933;578.95;1;10112747853;B
20240415;095933;578.95;2;10112747854;B
20240415;095933;578.95;1;10112747855;B
20240415;095933;578.95;1;10112747856;B
20240415;095933;578.95;2;10112747857;B
20240415;095933;578.95;1;10112747858;B
20240415;095933;578.95;1;10112747859;B
20240415;095933;578.95;2;10112747860;B
20240415;095933;578.95;2;10112747861;B
20240415;095933;578.95;1;10112747862;B
20240415;095933;578.95;1;10112747863;B
20240415;095933;578.95;2;10112747864;B
20240415;095933;578.95;1;10112747865;B
20240415;095933;578.95;2;10112747866;B
20240415;095933;578.95;2;10112747867;B
20240415;095933;578.95;1;10112747868;B
20240415;095933;578.95;1;10112747869;B
20240415;095933;578.95;2;10112747870;B
20240415;095933;578.95;1;10112747871;B
20240415;095933;578.95;1;10112747872;B
20240415;095933;578.95;5;10112747873;B
20240415;095933;578.95;20;10112747874;B
20240415;095933;578.95;39;10112747875;B
20240415;095933;578.95;1;10112747876;B
20240415;095933;578.95;1;10112747877;B
20240415;095933;578.95;1;10112747878;B
20240415;095933;578.95;7;10112747879;B
20240415;095933;578.95;1;10112747880;B
20240415;095933;578.95;3;10112747881;B
20240415;095933;578.95;2;10112747882;B
20240415;095933;578.95;25;10112747883;B
20240415;095933;578.95;17;10112747884;B
20240415;095933;578.95;5;10112747885;B
20240415;095933;578.95;9;10112747886;B
20240415;095933;578.95;1;10112747887;B
20240415;095933;578.95;1;10112747888;B
20240415;095933;578.95;9;10112747889;B
20240415;095933;578.95;3;10112747890;B
20240415;095933;578.95;6;10112747891;B
20240415;095933;578.95;5;10112747892;B
20240415;095933;578.95;1;10112747893;B
20240415;095933;578.95;2;10112747894;B
20240415;095933;578.95;3;10112747895;B
20240415;095933;578.95;2;10112747896;S
20240415;095933;578.95;2;10112747897;B
20240415;095933;578.95;2;10112747898;B
20240415;095933;578.95;2;10112747899;B
20240415;095933;578.95;2;10112747900;B
20240415;095933;578.95;2;10112747901;B
20240415;095933;578.95;2;10112747902;B
20240415;095933;578.95;2;10112747903;B
20240415;095933;578.95;1;10112747904;B
20240415;095933;578.95;6;10112747905;B
20240415;095933;578.95;5;10112747906;B
20240415;095933;578.95;3;10112747907;B
20240415;095933;578.95;1;10112747908;B
20240415;095933;578.95;2;10112747909;B
20240415;095933;578.95;90;10112747910;B
20240415;095933;578.95;2;10112747911;B
20240415;095933;578.95;250;10112747912;B
20240415;095933;578.95;1;10112747913;B
20240415;095933;578.95;8;10112747914;B
20240415;095933;578.95;150;10112747915;B
20240415;095933;578.95;4;10112747916;B
20240415;095933;578.95;1;10112747917;B
20240415;095933;578.95;95;10112747918;B
20240415;095933;578.95;26;10112747919;B
20240415;095933;578.95;1000;10112747920;B
20240415;095933;578.95;474;10112747921;B
20240415;095933;578.95;195;10112747922;S
20240415;095933;578.95;1;10112747923;B
20240415;095933;578.95;330;10112747924;B
20240415;095933;578.95;100;10112747925;S
20240415;095933;578.95;5;10112747926;S
20240415;095933;578.95;50;10112747927;S
20240415;095933;578.95;1;10112747928;S
20240415;095933;578.95;100;10112747929;S
20240415;095933;578.95;232;10112747930;B
20240415;095933;578.95;1;10112747931;S
20240415;095933;578.95;2;10112747932;B
20240415;095933;578.95;600;10112747933;B
20240415;095933;578.95;4;10112747934;B
20240415;095933;578.95;1;10112747935;B
20240415;095933;578.95;2;10112747936;B
20240415;095933;578.95;1;10112747937;B
20240415;095933;578.95;50;10112747938;B
20240415;095933;578.95;1;10112747939;B
20240415;095933;578.95;1;10112747940;B
20240415;095933;578.95;84;10112747941;B
20240415;095933;578.95;1;10112747942;B
20240415;095933;578.95;20;10112747943;S
20240415;095933;578.95;13;10112747944;S
20240415;095933;578.95;1;10112747945;S
20240415;095933;578.95;4;10112747946;B
20240415;095933;578.95;1;10112747947;B
20240415;095933;578.95;5;10112747948;B
20240415;095933;578.95;3;10112747949;S
20240415;095933;578.95;1;10112747950;B
20240415;095933;578.95;30;10112747951;B
20240415;095933;578.95;13;10112747952;S
20240415;095933;578.95;8;10112747953;S
20240415;095933;578.95;200;10112747954;S
20240415;095933;578.95;2;10112747955;S
20240415;095933;578.95;1;10112747956;B
20240415;095933;578.95;18;10112747957;S
20240415;100000;578.9;89;10112757420;B
20240415;100000;578.8;168;10112757670;B
20240415;100000;578.75;118;10112757815;B
20240415;100000;578.85;47;10112757831;S
20240415;100000;578.8;156;10112758084;B
20240415;100000;578.75;1;10112758127;B
20240415;100000;578.75;1;10112758160;B
20240415;100000;578.15;1;10112758175;S
20240415;100000;578.15;2;10112758187;S
20240415;100000;578.5;3;10112758256;B
20240415;100001;578.35;389;10112758551;B
20240415;100001;578.35;61;10112758578;S
20240415;100001;578.6;174;10112758592;B
20240415;100001;578.6;79;10112758593;B
20240415;100001;578.6;2;10112758734;B
20240415;100001;578.6;10;10112758877;B
20240415;100001;578.5;64;10112759012;S
20240415;100001;578.45;34;10112759013;S
20240415;100001;578.3;30;10112759014;S
20240415;100001;578.55;34;10112759145;B
20240415;100001;578.55;116;10112759146;B
20240415;100001;578.55;272;10112759147;B
20240415;100001;578.65;28;10112759148;B
20240415;100001;578.3;9;10112759181;S
20240415;100001;578.6;9;10112759277;B
20240415;100001;578.7;220;10112759385;B
20240415;100001;578.7;3;10112759386;B
20240415;100002;578.7;50;10112759623;B
20240415;100002;578.7;1;10112759776;B
20240415;100002;578.65;191;10112759796;S
20240415;100002;578.65;20;10112759949;B
20240415;100002;578.55;3;10112760130;S
20240415;100002;578.5;3;10112760203;S
20240415;100002;578.5;6;10112760230;S
20240415;100002;578.5;1;10112760321;S
20240415;100002;578.65;80;10112760325;B
20240415;100002;578.65;388;10112760326;B
20240415;100002;578.65;3;10112760327;B
20240415;100002;578.7;226;10112760328;B
20240415;100002;578.7;303;10112760329;B
20240415;100002;578.5;20;10112760353;S
20240415;100002;578.55;2;10112760556;S
20240415;100002;578.65;2;10112760606;B
20240415;100002;578.7;58;10112760607;B
20240415;100002;578.55;15;10112760695;S
20240415;100002;578.7;50;10112760700;B
20240415;100002;578.55;17;10112760725;S
20240415;100002;578.5;147;10112760726;S
20240415;100002;578.5;14;10112760727;S
20240415;100002;578.5;167;10112760728;B
20240415;100003;578.5;100;10112761108;B
20240415;100003;578.45;1;10112761497;S
20240415;100003;578.25;1;10112761706;S
20240415;100003;578.35;30;10112761809;B
20240415;100003;578.45;32;10112761810;B
20240415;100004;578.5;3;10112762478;B
20240415;100004;578.3;1;10112762809;S
20240415;100004;578.3;1;10112762810;S
20240415;100004;578.5;52;10112763176;B
20240415;100005;578.5;2;10112763607;S
20240415;100005;578.6;2;10112763612;B
20240415;100005;578.5;1;10112763624;S
20240415;100005;578.5;1;10112763637;S
20240415;100005;578.6;1;10112763648;B
20240415;100005;578.5;1;10112763672;S
20240415;100005;578.5;2;10112763689;S
20240415;100005;578.6;1;10112763699;B
20240415;100005;578.35;2;10112763717;S
20240415;100005;578.6;121;10112763719;B
20240415;100005;578.55;1;10112763722;B
20240415;100005;578.55;2;10112763729;B
20240415;100005;578.35;1;10112763731;S
20240415;100005;578.55;1;10112763733;B
20240415;100005;578.55;1;10112763739;B
20240415;100005;578.55;1;10112763741;B
20240415;100005;578.35;3;10112763745;S
20240415;100005;578.55;1;10112763751;B
20240415;100005;578.55;2;10112763753;B
20240415;100005;578.35;2;10112763755;S
20240415;100005;578.35;2;10112763756;S
20240415;100005;578.55;1;10112763760;B
20240415;100005;578.55;1;10112763761;B
20240415;100005;578.35;2;10112763762;S
20240415;100005;578.35;2;10112763768;S
20240415;100005;578.55;1;10112763770;B
20240415;100005;578.35;1;10112763771;S
20240415;100005;578.35;1;10112763773;S
20240415;100005;578.55;1;10112763779;B
20240415;100005;578.55;2;10112763783;B
20240415;100005;578.35;1;10112763786;S
20240415;100005;578.55;1;10112763805;B
20240415;100005;578.55;2;10112763807;B
20240415;100005;578.35;1;10112763810;S
20240415;100005;578.35;1;10112763811;S
20240415;100005;578.55;1;10112763812;B
20240415;100005;578.35;2;10112763819;S
20240415;100005;578.35;1;10112763830;S
20240415;100005;578.35;2;10112763832;S
20240415;100005;578.35;2;10112763841;S
20240415;100005;578.55;1;10112763859;B
20240415;100005;578.35;2;10112763862;S
20240415;100005;578.55;1;10112763869;B
20240415;100005;578.55;2;10112763876;B
20240415;100005;578.55;40;10112763877;B
20240415;100005;578.55;2;10112763883;B
20240415;100005;578.55;2;10112763889;B
20240415;100005;578.35;2;10112763894;S
20240415;100005;578.55;2;10112763897;B
20240415;100005;578.55;3;10112763900;B
20240415;100005;578.35;2;10112763901;S
20240415;100005;578.55;2;10112763907;B
20240415;100005;578.35;2;10112763909;S
20240415;100005;578.3;2;10112763916;S
20240415;100005;578.35;1;10112763920;S
20240415;100005;578.35;3;10112763922;S
20240415;100005;578.35;2;10112763924;S
20240415;100005;578.55;4;10112763929;B
20240415;100005;578.35;1;10112763932;S
20240415;100005;578.35;1;10112763935;S
20240415;100005;578.55;2;10112764367;B
20240415;100005;578.6;137;10112764368;B
20240415;100005;578.4;2;10112765179;S
20240415;100005;578.4;2;10112765184;S
20240415;100005;578.4;27;10112765189;S
20240415;100005;578.4;2;10112765194;S
20240415;100005;578.4;2;10112765199;S
20240415;100005;578.4;2;10112765218;S
20240415;100005;578.4;2;10112765230;S
20240415;100005;578.4;2;10112765236;S
20240415;100005;578.4;2;10112765237;S
20240415;100005;578.4;2;10112765241;S
20240415;100005;578.55;2;10112765243;B
20240415;100005;578.55;2;10112765259;B
20240415;100005;578.55;1;10112765262;B
20240415;100005;578.55;2;10112765265;B
20240415;100005;578.55;3;10112765270;B
20240415;100005;578.4;5;10112765273;S
20240415;100005;578.55;1;10112765279;B
20240415;100005;578.4;2;10112765283;S
20240415;100005;578.55;1;10112765284;B
20240415;100005;578.4;1;10112765287;S
20240415;100005;578.55;2;10112765291;B
20240415;100005;578.4;2;10112765334;S
20240415;100005;578.55;1;10112765337;B
20240415;100005;578.4;23;10112765338;S
20240415;100005;578.4;2;10112765347;S
20240415;100005;578.4;1;10112765349;S
20240415;100005;578.4;1;10112765358;S
20240415;100005;578.55;2;10112765359;B
20240415;100005;578.4;1;10112765361;S
20240415;100005;578.4;1;10112765364;S
20240415;100005;578.4;5;10112765365;S
20240415;100005;578.55;2;10112765366;B
20240415;100005;578.55;2;10112765369;B
20240415;100005;578.4;1;10112765371;S
20240415;100005;578.55;1;10112765376;B
20240415;100005;578.55;1;10112765381;B
20240415;100005;578.55;1;10112765386;B
20240415;100005;578.4;2;10112765390;S
20240415;100005;578.4;1;10112765392;S
20240415;100005;578.55;1;10112765396;B
20240415;100005;578.55;1;10112765402;B
20240415;100005;578.4;2;10112765403;S
20240415;100005;578.4;1;10112765406;S
20240415;100005;578.4;2;10112765415;S
20240415;100005;578.55;2;10112765417;B
20240415;100005;578.4;2;10112765419;S
20240415;100005;578.4;1;10112765420;S
20240415;100005;578.55;1;10112765421;B
20240415;100005;578.4;1;10112765422;S
20240415;100005;578.55;2;10112765426;B
20240415;100005;578.55;1;10112765429;B
20240415;100005;578.55;1;10112765430;B
20240415;100005;578.55;2;10112765433;B
20240415;100005;578.55;1;10112765435;B
20240415;100005;578.55;1;10112765436;B
20240415;100005;578.4;2;10112765437;S
20240415;100005;578.4;2;10112765447;S
20240415;100005;578.55;1;10112765448;B
20240415;100005;578.55;1;10112765450;B
20240415;100005;578.55;2;10112765453;B
20240415;100005;578.55;1;10112765456;B
20240415;100005;578.55;1;10112765457;B
20240415;100005;578.55;1;10112765464;B
20240415;100005;578.55;1;10112765468;B
20240415;100005;578.55;1;10112765474;B
20240415;100005;578.4;2;10112765475;S
20240415;100005;578.4;3;10112765487;S
20240415;100005;578.4;2;10112765488;S
20240415;100005;578.55;1;10112765503;B
20240415;100005;578.55;1;10112765507;B
20240415;100005;578.55;1;10112765517;B
20240415;100005;578.55;1;10112765520;B
20240415;100005;578.55;1;10112765522;B
20240415;100005;578.4;2;10112765524;S
20240415;100005;578.55;2;10112765526;B
20240415;100005;578.55;1;10112765527;B
20240415;100005;578.4;1;10112765528;S
20240415;100005;578.4;3;10112765529;S
20240415;100005;578.4;2;10112765535;S
20240415;100005;578.4;2;10112765538;S
20240415;100005;578.4;2;10112765550;S
20240415;100005;578.4;2;10112765557;S
20240415;100005;578.55;2;10112765558;B
20240415;100005;578.55;2;10112765560;B
20240415;100005;578.4;1;10112765561;S
20240415;100005;578.55;1;10112765562;B
20240415;100005;578.4;2;10112765567;S
20240415;100005;578.55;2;10112765568;B
20240415;100005;578.55;2;10112765579;B
20240415;100005;578.55;1;10112765580;B
20240415;100005;578.55;1;10112765581;B
20240415;100005;578.55;1;10112765587;B
20240415;100005;578.4;2;10112765588;S
20240415;100005;578.55;5;10112765591;B
20240415;100005;578.4;2;10112765603;S
20240415;100005;578.4;2;10112765606;S
20240415;100005;578.4;2;10112765609;S
20240415;100005;578.4;26;10112765611;S
20240415;100005;578.4;2;10112765617;S
20240415;100005;578.4;2;10112765621;S
20240415;100005;578.4;2;10112765622;S
20240415;100005;578.55;1;10112765626;B
20240415;100005;578.55;1;10112765627;B
20240415;100005;578.55;1;10112765634;B
20240415;100005;578.55;1;10112765638;B
20240415;100006;578.55;200;10112765640;B
20240415;100006;578.4;2;10112765700;S
20240415;100006;578.55;1;10112765701;B
20240415;100006;578.55;2;10112765709;B
20240415;100006;578.55;2;10112765718;B
20240415;100006;578.4;2;10112765720;S
20240415;100006;578.4;1;10112765730;S
20240415;100006;578.4;2;10112765945;S
20240415;100006;578.55;1;10112765961;B
20240415;100006;578.55;1;10112765984;B
20240415;100006;578.55;5;10112766038;B
20240415;100006;578.55;1;10112766075;B
20240415;100006;578.4;2;10112766086;S
20240415;100006;578.55;1;10112766108;B
20240415;100006;578.55;1;10112766125;B
20240415;100006;578.55;1;10112766146;B
20240415;100006;578.55;1;10112766157;B
20240415;100006;578.55;2;10112766171;B
20240415;100006;578.55;2;10112766208;B
20240415;100006;578.55;1;10112766217;B
20240415;100006;578.55;1;10112766232;B
20240415;100006;578.55;1;10112766249;B
20240415;100006;578.55;1;10112766292;B
20240415;100006;578.55;1;10112766313;B
20240415;100006;578.55;1;10112766373;B
20240415;100006;578.4;2;10112766404;S
20240415;100006;578.55;1;10112766423;B
20240415;100006;578.4;2;10112766439;S
20240415;100006;578.4;2;10112766444;S
20240415;100006;578.4;1;10112766451;S
20240415;100006;578.4;2;10112766452;S
20240415;100006;578.4;2;10112766462;S
20240415;100006;578.55;1;10112766464;B
20240415;100006;578.4;1;10112766467;S
20240415;100006;578.55;1;10112766474;B
20240415;100006;578.4;2;10112766476;S
20240415;100006;578.4;1;10112766485;S
20240415;100006;578.55;1;10112766487;B
20240415;100006;578.55;1;10112766494;B
20240415;100006;578.4;1;10112766495;S
20240415;100006;578.4;2;10112766498;S
20240415;100006;578.55;1;10112766510;B
20240415;100006;578.55;2;10112766513;B
20240415;100006;578.4;2;10112766514;S
20240415;100006;578.4;2;10112766516;S
20240415;100006;578.4;2;10112766518;S
20240415;100006;578.4;2;10112766520;S
20240415;100006;578.4;3;10112766528;S
20240415;100006;578.4;3;10112766532;S
20240415;100006;578.55;2;10112766534;B
20240415;100006;578.55;1;10112766536;B
20240415;100006;578.55;1;10112766539;B
20240415;100006;578.4;2;10112766542;S
20240415;100006;578.55;1;10112766547;B
20240415;100006;578.4;2;10112766550;S
20240415;100006;578.4;2;10112766552;S
20240415;100006;578.55;1;10112766553;B
20240415;100006;578.4;1;10112766556;S
20240415;100006;578.55;2;10112766560;B
20240415;100006;578.55;1;10112766566;B
20240415;100006;578.55;1;10112766567;B
20240415;100006;578.55;1;10112766572;B
20240415;100006;578.4;1;10112766574;S
20240415;100006;578.4;2;10112766579;S
20240415;100006;578.4;2;10112766581;S
20240415;100006;578.55;1;10112766584;B
20240415;100006;578.55;1;10112766589;B
20240415;100006;578.55;4;10112766592;B
20240415;100006;578.4;2;10112766594;S
20240415;100006;578.55;2;10112766596;B
20240415;100006;578.4;2;10112766599;S
20240415;100006;578.55;1;10112766605;B
20240415;100006;578.55;1;10112766609;B
20240415;100006;578.55;1;10112766611;B
20240415;100006;578.4;5;10112766612;S
20240415;100006;578.4;1;10112766613;S
20240415;100006;578.55;2;10112766616;B
20240415;100006;578.4;2;10112766621;S
20240415;100006;578.4;2;10112766622;S
20240415;100006;578.55;1;10112766631;B
20240415;100006;578.4;2;10112766635;S
20240415;100006;578.4;1;10112766638;S
20240415;100006;578.55;1;10112766642;B
20240415;100006;578.55;2;10112766644;B
20240415;100006;578.4;2;10112766649;S
20240415;100006;578.4;2;10112766651;S
20240415;100006;578.4;2;10112766653;S
20240415;100006;578.4;2;10112766655;S
20240415;100006;578.55;2;10112766662;B
20240415;100006;578.4;1;10112766665;S
20240415;100006;578.4;2;10112766667;S
20240415;100006;578.55;1;10112766669;B
20240415;100006;578.55;1;10112766678;B
20240415;100006;578.55;2;10112766684;B
20240415;100006;578.4;1;10112766685;S
20240415;100006;578.4;2;10112766687;S
20240415;100006;578.4;5;10112766706;S
20240415;100006;578.55;1;10112766723;B
20240415;100006;578.55;1;10112766737;B
20240415;100006;578.55;1;10112766750;B
20240415;100006;578.55;11;10112766824;B
20240415;100006;578.55;1;10112767669;B
20240415;100006;578.5;1;10112767826;S
20240415;100006;578.6;2;10112767827;B
20240415;100006;578.5;20;10112767828;S
20240415;100006;578.5;2;10112767830;S
20240415;100006;578.6;1;10112767832;B
20240415;100006;578.5;2;10112767835;S
20240415;100006;578.5;2;10112767836;S
20240415;100006;578.6;1;10112767837;B
20240415;100006;578.6;1;10112767839;B
20240415;100006;578.5;1;10112767841;S
20240415;100006;578.5;1;10112767842;S
20240415;100006;578.6;2;10112767844;B
20240415;100006;578.6;2;10112767845;B
20240415;100006;578.6;2;10112767847;B
20240415;100006;578.6;1;10112767848;B
20240415;100006;578.6;1;10112767851;B
20240415;100006;578.6;1;10112767852;B
20240415;100006;578.5;2;10112767853;S
20240415;100006;578.6;2;10112767854;B
20240415;100006;578.5;1;10112767855;S
20240415;100006;578.5;2;10112767856;S
20240415;100006;578.5;1;10112767857;S
20240415;100006;578.6;1;10112767858;B
20240415;100006;578.5;2;10112767863;S
20240415;100006;578.6;2;10112767864;B
20240415;100006;578.6;2;10112767865;B
20240415;100006;578.6;10;10112767866;B
20240415;100006;578.6;1;10112767867;B
20240415;100006;578.5;2;10112767868;S
20240415;100006;578.5;1;10112767869;S
20240415;100006;578.5;1;10112767871;S
20240415;100006;578.6;2;10112767873;B
20240415;100006;578.5;4;10112767877;S
20240415;100006;578.5;3;10112767878;S
20240415;100006;578.6;3;10112767879;B
20240415;100006;578.6;1;10112768072;B
20240415;100006;578.5;3;10112768459;S
20240415;100007;578.6;1;10112768597;B
20240415;100007;578.5;2;10112768601;S
20240415;100007;578.6;2;10112768605;B
20240415;100007;578.5;1;10112768610;S
20240415;100007;578.5;5;10112768612;S
20240415;100007;578.6;3;10112768615;B
20240415;100007;578.5;3;10112768622;S
20240415;100007;578.5;2;10112768625;S
20240415;100007;578.6;2;10112768629;B
20240415;100007;578.5;1;10112768632;S
20240415;100007;578.5;2;10112768644;S
20240415;100007;578.6;2;10112768779;B
20240415;100007;578.5;2;10112768784;S
20240415;100007;578.6;1;10112768793;B
20240415;100007;578.5;7;10112768804;S
20240415;100007;578.45;7;10112768805;S
20240415;100007;578.45;1;10112768812;S
20240415;100007;578.55;1;10112768816;B
20240415;100007;578.55;3;10112768842;B
20240415;100007;578.45;2;10112768857;S
20240415;100007;578.55;1;10112768867;B
20240415;100007;578.45;2;10112768868;S
20240415;100007;578.45;2;10112768872;S
20240415;100007;578.45;2;10112768882;S
20240415;100007;578.45;1;10112768895;S
20240415;100007;578.45;1;10112768899;S
20240415;100007;578.55;2;10112768910;B
20240415;100007;578.6;1;10112768911;B
20240415;100007;578.6;1;10112768919;B
20240415;100007;578.45;2;10112768927;S
20240415;100007;578.45;2;10112768934;S
20240415;100007;578.55;1;10112768943;B
20240415;100007;578.45;2;10112768948;S
20240415;100007;578.55;2;10112768952;B
20240415;100007;578.45;2;10112768958;S
20240415;100007;578.55;5;10112768960;B
20240415;100007;578.45;3;10112768965;S
20240415;100007;578.55;1;10112768973;B
20240415;100007;578.45;1;10112768981;S
20240415;100007;578.55;1;10112768987;B
20240415;100007;578.45;4;10112768992;S
20240415;100007;578.35;9;10112768993;S
20240415;100007;578.35;2;10112768998;S
20240415;100007;578.55;1;10112769001;B
20240415;100007;578.6;1;10112769002;B
20240415;100007;578.6;1;10112769004;B
20240415;100007;578.4;2;10112769006;S
20240415;100007;578.4;1;10112769009;S
20240415;100007;578.55;1;10112769015;B
20240415;100007;578.55;1;10112769025;B
20240415;100007;578.4;2;10112769028;S
20240415;100007;578.55;2;10112769030;B
20240415;100007;578.4;1;10112769033;S
20240415;100007;578.4;2;10112769035;S
20240415;100007;578.4;1;10112769114;S
20240415;100007;578.55;2;10112769717;B
20240415;100007;578.55;6;10112769807;B
20240415;100007;578.55;1;10112769816;B
20240415;100007;578.4;2;10112769837;S
20240415;100007;578.4;2;10112769840;S
20240415;100007;578.55;2;10112769843;B
20240415;100007;578.55;1;10112769852;B
20240415;100007;578.55;1;10112769857;B
20240415;100007;578.4;2;10112769859;S
20240415;100007;578.4;2;10112769864;S
20240415;100007;578.4;2;10112769867;S
20240415;100007;578.55;1;10112769870;B
20240415;100007;578.4;2;10112769873;S
20240415;100007;578.55;1;10112769877;B
20240415;100007;578.4;2;10112769880;S
20240415;100007;578.4;2;10112769882;S
20240415;100007;578.55;1;10112769886;B
20240415;100007;578.4;2;10112769889;S
20240415;100007;578.4;2;10112769906;S
20240415;100007;578.55;5;10112769907;B
20240415;100007;578.35;2;10112769910;S
20240415;100007;578.55;2;10112769918;B
20240415;100007;578.35;2;10112769920;S
20240415;100007;578.55;1;10112769924;B
20240415;100007;578.55;3;10112769939;B
20240415;100007;578.55;1;10112769941;B
20240415;100007;578.55;1;10112769943;B
20240415;100007;578.55;1;10112769947;B
20240415;100007;578.55;1;10112769954;B
20240415;100007;578.55;1;10112769955;B
20240415;100007;578.55;2;10112769958;B
20240415;100007;578.35;2;10112769962;S
20240415;100007;578.35;1;10112769967;S
20240415;100007;578.55;1;10112769971;B
20240415;100007;578.35;2;10112769984;S
20240415;100007;578.55;1;10112769991;B
20240415;100007;578.55;1;10112769994;B
20240415;100007;578.35;3;10112770003;S
20240415;100007;578.55;1;10112770027;B
20240415;100007;578.55;1;10112770031;B
20240415;100007;578.35;2;10112770043;S
20240415;100007;578.35;2;10112770054;S
20240415;100007;578.55;1;10112770063;B
20240415;100007;578.55;2;10112770065;B
20240415;100007;578.55;1;10112770075;B
20240415;100007;578.35;4;10112770082;S
20240415;100007;578.55;1;10112770108;B
20240415;100007;578.55;1;10112770277;B
20240415;100007;578.5;5;10112770549;B
20240415;100007;578.55;331;10112770550;B
20240415;100007;578.55;16;10112770551;B
20240415;100007;578.6;3448;10112770552;B
20240415;100007;578.35;10;10112770934;S
20240415;100007;578.35;1;10112770935;S
20240415;100007;578.35;2;10112770937;S
20240415;100007;578.35;2;10112770940;S
20240415;100007;578.35;3;10112770941;S
20240415;100007;578.35;1;10112770942;S
20240415;100007;578.35;1;10112770943;S
20240415;100007;578.55;1;10112770944;B
20240415;100007;578.35;11;10112770945;S
20240415;100007;578.35;10;10112770948;S
20240415;100007;578.35;2;10112770950;S
20240415;100007;578.55;1;10112770952;B
20240415;100007;578.55;1;10112770953;B
20240415;100007;578.55;1;10112770954;B
20240415;100007;578.35;2;10112770955;S
20240415;100007;578.55;1;10112770956;B
20240415;100007;578.55;1;10112770960;B
20240415;100007;578.55;1;10112770965;B
20240415;100007;578.55;2;10112770966;B
20240415;100007;578.35;2;10112770968;S
20240415;100007;578.55;2;10112770970;B
20240415;100007;578.55;1;10112770971;B
20240415;100007;578.35;1;10112770972;S
20240415;100007;578.35;2;10112770974;S
20240415;100007;578.55;2;10112770977;B
20240415;100007;578.35;2;10112770980;S
20240415;100007;578.55;1;10112770981;B
20240415;100007;578.55;1;10112770982;B
20240415;100007;578.55;1;10112770985;B
20240415;100007;578.35;1;10112770986;S
20240415;100007;578.55;2;10112770987;B
20240415;100007;578.3;4;10112770989;S
20240415;100007;578.55;1;10112770991;B
20240415;100007;578.55;1;10112770993;B
20240415;100007;578.55;2;10112770994;B
20240415;100007;578.55;2;10112770997;B
20240415;100007;578.55;1;10112770998;B
20240415;100007;578.6;3;10112771000;B
20240415;100007;578.3;3;10112771003;S
20240415;100007;578.3;9;10112771005;S
20240415;100007;578.3;1;10112771006;S
20240415;100007;578.3;2;10112771008;S
20240415;100007;578.3;2;10112771009;S
20240415;100007;578.3;2;10112771011;S
20240415;100007;578.3;2;10112771014;S
20240415;100007;578.55;1;10112771015;B
20240415;100007;578.3;2;10112771017;S
20240415;100007;578.55;2;10112771019;B
20240415;100007;578.3;10;10112771021;S
20240415;100007;578.3;1;10112771066;S
20240415;100007;578.55;2;10112771068;B
20240415;100007;578.55;3;10112771076;B
20240415;100007;578.55;2;10112771083;B
20240415;100007;578.3;2;10112771087;S
20240415;100007;578.3;9;10112771103;S
20240415;100007;578.3;1;10112771110;S
20240415;100007;578.55;1;10112771127;B
20240415;100007;578.55;2;10112771144;B
20240415;100008;578.55;2;10112771271;B
20240415;100008;578.3;2;10112771278;S
20240415;100008;578.55;2;10112771279;B
20240415;100008;578.3;2;10112771280;S
20240415;100008;578.55;17;10112771281;B
20240415;100008;578.6;9;10112771282;B
20240415;100008;578.6;2;10112771283;B
20240415;100008;578.6;1;10112771291;B
20240415;100008;578.3;2;10112771292;S
20240415;100008;578.6;2;10112771293;B
20240415;100008;578.3;2;10112771294;S
20240415;100008;578.3;1;10112771295;S
20240415;100008;578.6;2;10112771296;B
20240415;100008;578.3;2;10112771298;S
20240415;100008;578.6;3;10112771306;B
20240415;100008;578.6;2;10112771307;B
20240415;100008;578.3;2;10112771308;S
20240415;100008;578.3;2;10112771309;S
20240415;100008;578.6;1;10112771310;B
20240415;100008;578.3;2;10112771312;S
20240415;100008;578.6;1;10112771313;B
20240415;100008;578.6;1;10112771319;B
20240415;100008;578.6;1;10112771320;B
20240415;100008;578.6;1;10112771321;B
20240415;100008;578.3;2;10112771323;S
20240415;100008;578.3;3;10112771324;S
20240415;100008;578.6;1;10112771325;B
20240415;100008;578.3;1;10112771332;S
20240415;100008;578.3;2;10112771333;S
20240415;100008;578.6;1;10112771334;B
20240415;100008;578.3;2;10112771340;S
20240415;100008;578.6;2;10112771341;B
20240415;100008;578.3;1;10112771342;S
20240415;100008;578.3;91;10112771345;S
20240415;100008;578.3;2;10112771348;S
20240415;100008;578.3;2;10112771349;S
20240415;100008;578.3;2;10112771351;S
20240415;100008;578.3;2;10112771353;S
20240415;100008;578.3;2;10112771354;S
20240415;100008;578.3;2;10112771357;S
20240415;100008;578.3;2;10112771358;S
20240415;100008;578.3;2;10112771361;S
20240415;100008;578.6;1;10112771362;B
20240415;100008;578.3;3;10112771363;S
20240415;100008;578.3;1;10112771365;S
20240415;100008;578.3;1;10112771367;S
20240415;100008;578.3;48;10112771368;S
20240415;100008;578.3;34;10112771369;S
20240415;100008;578.25;9;10112771370;S
20240415;100008;578.6;10;10112771371;B
20240415;100008;578.25;2;10112771372;S
20240415;100008;578.6;1;10112771373;B
20240415;100008;578.6;1;10112771374;B
20240415;100008;578.55;20;10112771394;B
20240415;100008;578.55;1;10112771399;B
20240415;100008;578.3;2;10112771404;S
20240415;100008;578.55;2;10112771818;B
20240415;100008;578.55;2;10112771820;B
20240415;100008;578.3;1;10112771822;S
20240415;100008;578.55;1;10112771824;B
20240415;100008;578.55;1;10112771825;B
20240415;100008;578.3;1;10112771826;S
20240415;100008;578.3;1;10112771828;S
20240415;100008;578.3;1;10112771829;S
20240415;100008;578.55;1;10112771830;B
20240415;100008;578.55;2;10112771832;B
20240415;100008;578.3;2;10112771835;S
20240415;100008;578.3;1;10112771839;S
20240415;100008;578.55;1;10112771844;B
20240415;100008;578.3;4;10112771845;S
20240415;100008;578.55;1;10112771846;B
20240415;100008;578.3;1;10112771847;S
20240415;100008;578.3;3;10112771848;S
20240415;100008;578.55;1;10112771850;B
20240415;100008;578.55;1;10112771852;B
20240415;100008;578.6;10;10112771853;B
20240415;100008;578.3;1;10112771855;S
20240415;100008;578.55;2;10112771856;B
20240415;100008;578.55;15;10112771857;B
20240415;100008;578.6;35;10112771858;B
20240415;100008;578.3;1;10112771859;S
20240415;100008;578.3;1;10112771860;S
20240415;100008;578.55;1;10112771863;B
20240415;100008;578.3;2;10112771864;S
20240415;100008;578.6;1;10112771865;B
20240415;100008;578.55;1;10112771866;B
20240415;100008;578.3;11;10112771868;S
20240415;100008;578.55;3;10112771869;B
20240415;100008;578.6;197;10112771870;B
20240415;100008;578.55;1;10112771872;B
20240415;100008;578.3;1;10112771873;S
20240415;100008;578.25;1;10112771874;S
20240415;100008;578.55;1;10112771875;B
20240415;100008;578.55;2;10112771876;B
20240415;100008;578.3;1;10112771879;S
20240415;100008;578.3;1;10112771882;S
20240415;100008;578.3;2;10112771883;S
20240415;100008;578.3;2;10112771885;S
20240415;100008;578.55;5;10112771886;B
20240415;100008;578.55;2;10112771888;B
20240415;100008;578.3;2;10112771889;S
20240415;100008;578.6;1;10112771890;B
20240415;100008;578.55;1;10112771898;B
20240415;100008;578.3;2;10112771900;S
20240415;100008;578.55;6;10112771901;B
20240415;100008;578.6;44;10112771902;B
20240415;100008;578.55;1;10112771903;B
20240415;100008;578.3;2;10112771905;S
20240415;100008;578.55;2;10112771906;B
20240415;100008;578.55;1;10112771907;B
20240415;100008;578.3;4;10112771909;S
20240415;100008;578.3;1;10112771910;S
20240415;100008;578.3;1;10112771913;S
20240415;100008;578.55;1;10112771914;B
20240415;100008;578.3;1;10112772051;S
20240415;100008;578.55;1;10112772052;B
20240415;100008;578.6;1;10112772055;B
20240415;100008;578.6;1;10112772056;B
20240415;100008;578.3;1;10112772057;S
20240415;100008;578.6;2;10112772058;B
20240415;100008;578.3;1;10112772059;S
20240415;100008;578.55;7;10112772060;B
20240415;100008;578.6;8;10112772061;B
20240415;100008;578.3;1;10112772064;S
20240415;100008;578.3;2;10112772066;S
20240415;100008;578.6;1;10112772067;B
20240415;100008;578.3;1;10112772068;S
20240415;100008;578.3;2;10112772069;S
20240415;100008;578.3;2;10112772070;S
20240415;100008;578.3;2;10112772073;S
20240415;100008;578.55;1;10112772074;B
20240415;100008;578.55;1;10112772075;B
20240415;100008;578.6;4;10112772076;B
20240415;100008;578.3;2;10112772083;S
20240415;100008;578.6;2;10112772084;B
20240415;100008;578.6;1;10112772086;B
20240415;100008;578.6;2;10112772087;B
20240415;100008;578.3;1;10112772088;S
20240415;100008;578.25;1;10112772089;S
20240415;100008;578.25;1;10112772090;S
20240415;100008;578.25;2;10112772092;S
20240415;100008;578.3;3;10112772093;S
20240415;100008;578.55;2;10112772094;B
20240415;100008;578.3;2;10112772096;S
20240415;100008;578.3;2;10112772097;S
20240415;100008;578.55;2;10112772098;B
20240415;100008;578.3;2;10112772099;S
20240415;100008;578.3;2;10112772100;S
20240415;100008;578.3;1;10112772101;S
20240415;100008;578.3;1;10112772103;S
20240415;100008;578.55;1;10112772104;B
20240415;100008;578.55;2;10112772105;B
20240415;100008;578.55;2;10112772106;B
20240415;100008;578.55;1;10112772109;B
20240415;100008;578.55;1;10112772110;B
20240415;100008;578.3;2;10112772111;S
20240415;100008;578.3;2;10112772113;S
20240415;100008;578.55;1;10112772115;B
20240415;100008;578.6;1;10112772116;B
20240415;100008;578.3;2;10112772117;S
20240415;100008;578.3;1;10112772120;S
20240415;100008;578.3;1;10112772121;S
20240415;100008;578.3;1;10112772122;S
20240415;100008;578.3;1;10112772123;S
20240415;100008;578.3;1;10112772125;S
20240415;100008;578.3;1;10112772126;S
20240415;100008;578.35;2;10112772130;S
20240415;100008;578.55;2;10112772131;B
20240415;100008;578.55;1;10112772132;B
20240415;100008;578.55;17;10112772133;B
20240415;100008;578.6;383;10112772134;B
20240415;100008;578.35;44;10112772135;S
20240415;100008;578.6;1;10112772137;B
20240415;100008;578.35;19;10112772138;S
20240415;100008;578.6;3;10112772139;B
20240415;100008;578.55;1;10112772732;B
20240415;100008;578.35;2;10112772734;S
20240415;100008;578.35;1;10112772735;S
20240415;100008;578.35;1;10112772737;S
20240415;100008;578.35;2;10112772765;S
20240415;100008;578.35;2;10112772769;S
20240415;100008;578.55;2;10112772773;B
20240415;100008;578.35;2;10112772776;S
20240415;100008;578.55;2;10112772778;B
20240415;100008;578.55;1;10112772779;B
20240415;100008;578.6;1;10112772780;B
20240415;100008;578.6;1;10112772787;B
20240415;100008;578.6;1;10112772792;B
20240415;100008;578.6;2;10112772796;B
20240415;100008;578.35;2;10112772806;S
20240415;100008;578.6;2;10112772807;B
20240415;100008;578.6;1;10112772810;B
20240415;100008;578.6;1;10112772812;B
20240415;100008;578.6;2;10112772817;B
20240415;100008;578.35;2;10112772818;S
20240415;100008;578.35;1;10112772820;S
20240415;100008;578.6;2;10112772828;B
20240415;100008;578.35;1;10112772834;S
20240415;100008;578.35;2;10112772837;S
20240415;100008;578.6;1;10112772838;B
20240415;100008;578.6;2;10112772840;B
20240415;100008;578.6;1;10112772841;B
20240415;100008;578.6;1;10112772844;B
20240415;100008;578.35;2;10112772846;S
20240415;100008;578.6;1;10112772848;B
20240415;100008;578.35;2;10112772850;S
20240415;100008;578.6;1;10112772851;B
20240415;100008;578.35;2;10112772859;S
20240415;100008;578.35;2;10112772863;S
20240415;100008;578.6;1;10112772865;B
20240415;100008;578.35;2;10112772867;S
20240415;100008;578.35;2;10112772869;S
20240415;100008;578.6;2;10112772870;B
20240415;100008;578.35;2;10112772872;S
20240415;100008;578.6;1;10112772874;B
20240415;100008;578.35;2;10112772876;S
20240415;100008;578.6;1;10112772877;B
20240415;100008;578.35;1;10112772882;S
20240415;100008;578.35;22;10112772885;S
20240415;100008;578.35;3;10112772890;S
20240415;100008;578.6;1;10112772892;B
20240415;100008;578.35;1;10112772895;S
20240415;100008;578.35;1;10112772898;S
20240415;100008;578.35;2;10112772901;S
20240415;100008;578.6;1;10112772902;B
20240415;100008;578.35;2;10112772904;S
20240415;100008;578.45;34;10112773174;S
20240415;100008;578.45;15;10112773175;S
20240415;100008;578.4;151;10112773176;S
20240415;100008;578.55;1;10112773640;B
20240415;100009;578.55;2;10112773969;B
20240415;100009;578.35;2;10112773976;S
20240415;100009;578.55;2;10112773980;B
20240415;100009;578.55;1;10112773993;B
20240415;100009;578.55;1;10112774006;B
20240415;100009;578.55;1;10112774014;B
20240415;100009;578.35;2;10112774022;S
20240415;100009;578.55;2;10112774040;B
20240415;100009;578.55;1;10112774047;B
20240415;100009;578.35;6;10112774071;S
20240415;100009;578.35;2;10112774080;S
20240415;100009;578.55;1;10112774092;B
20240415;100009;578.55;1;10112774099;B
20240415;100009;578.55;2;10112774115;B
20240415;100009;578.35;2;10112774123;S
20240415;100009;578.55;1;10112774137;B
20240415;100009;578.55;1;10112774143;B
20240415;100009;578.55;1;10112774152;B
20240415;100009;578.35;1;10112774167;S
20240415;100009;578.35;19;10112774173;S
20240415;100009;578.25;21;10112774174;S
20240415;100009;578.3;2;10112774182;S
20240415;100009;578.55;1;10112774197;B
20240415;100009;578.55;2;10112774206;B
20240415;100009;578.3;2;10112774217;S
20240415;100009;578.3;5;10112774221;S
20240415;100009;578.55;2;10112774228;B
20240415;100009;578.3;1;10112774246;S
20240415;100009;578.55;2;10112774258;B
20240415;100009;578.3;1;10112774272;S
20240415;100009;578.55;3;10112774276;B
20240415;100009;578.55;2;10112774300;B
20240415;100009;578.3;1;10112774318;S
20240415;100009;578.3;1;10112774340;S
20240415;100009;578.55;2;10112774346;B
20240415;100009;578.3;1;10112774355;S
20240415;100009;578.3;2;10112774366;S
20240415;100009;578.55;2;10112774367;B
20240415;100009;578.6;8;10112774368;B
20240415;100009;578.6;1;10112774369;B
20240415;100009;578.6;2;10112774370;B
20240415;100009;578.6;2;10112774371;B
20240415;100009;578.55;1;10112774373;B
20240415;100009;578.55;2;10112774374;B
20240415;100009;578.3;2;10112774377;S
20240415;100009;578.55;1;10112774378;B
20240415;100009;578.55;2;10112774380;B
20240415;100009;578.55;1;10112774381;B
20240415;100009;578.55;1;10112774383;B
20240415;100009;578.3;1;10112774384;S
20240415;100009;578.3;1;10112774385;S
20240415;100009;578.3;3;10112774386;S
20240415;100009;578.55;1;10112774388;B
20240415;100009;578.55;2;10112774389;B
20240415;100009;578.55;1;10112774390;B
20240415;100009;578.3;1;10112774392;S
20240415;100009;578.55;1;10112774393;B
20240415;100009;578.3;2;10112774395;S
20240415;100009;578.3;1;10112774398;S
20240415;100009;578.55;4;10112774399;B
20240415;100009;578.3;7;10112774400;S
20240415;100009;578.3;3;10112774401;S
20240415;100009;578.3;2;10112774402;S
20240415;100009;578.3;2;10112774403;S
20240415;100009;578.3;2;10112774406;S
20240415;100009;578.55;1;10112774407;B
20240415;100009;578.55;2;10112774408;B
20240415;100009;578.3;9;10112774410;S
20240415;100009;578.55;2;10112774412;B
20240415;100009;578.55;2;10112774413;B
20240415;100009;578.55;2;10112774414;B
20240415;100009;578.3;2;10112774415;S
20240415;100009;578.55;1;10112774416;B
20240415;100009;578.55;2;10112774417;B
20240415;100009;578.3;10;10112774418;S
20240415;100009;578.3;2;10112774419;S
20240415;100009;578.55;1;10112774420;B
20240415;100009;578.55;2;10112774421;B
20240415;100009;578.3;5;10112774422;S
20240415;100009;578.3;1;10112774423;S
20240415;100009;578.3;2;10112774424;S
20240415;100009;578.55;2;10112774425;B
20240415;100009;578.6;3;10112774426;B
20240415;100009;578.3;1;10112774427;S
20240415;100009;578.6;1;10112774428;B
20240415;100009;578.55;1;10112774432;B
20240415;100009;578.3;2;10112774444;S
20240415;100009;578.55;33;10112774458;B
20240415;100009;578.6;11;10112774459;B
20240415;100009;578.3;2;10112774467;S
20240415;100009;578.3;2;10112774496;S
20240415;100009;578.55;1;10112774507;B
20240415;100009;578.3;7;10112774520;S
20240415;100009;578.25;19;10112774521;S
20240415;100009;578.55;2;10112774528;B
20240415;100009;578.55;2;10112774719;B
20240415;100009;578.55;18;10112775211;B
20240415;100009;578.6;2;10112775212;B
20240415;100009;578.3;2;10112775860;S
20240415;100009;578.55;1;10112775861;B
20240415;100009;578.3;2;10112775869;S
20240415;100009;578.3;1;10112775876;S
20240415;100009;578.55;1;10112775879;B
20240415;100009;578.55;2;10112775880;B
20240415;100009;578.55;1;10112775884;B
20240415;100009;578.3;2;10112775886;S
20240415;100009;578.3;5;10112775890;S
20240415;100009;578.55;1;10112775900;B
20240415;100009;578.55;1;10112775903;B
20240415;100009;578.3;2;10112775906;S
20240415;100009;578.3;1;10112775919;S
20240415;100009;578.55;1;10112775922;B
20240415;100009;578.3;7;10112775925;S
20240415;100009;578.55;1;10112775931;B
20240415;100009;578.55;1;10112775934;B
20240415;100009;578.55;1;10112775938;B
20240415;100009;578.3;2;10112775942;S
20240415;100009;578.55;1;10112775945;B
20240415;100009;578.3;2;10112775951;S
20240415;100009;578.3;1;10112775955;S
20240415;100009;578.3;1;10112775957;S
20240415;100009;578.3;1;10112775960;S
20240415;100009;578.3;2;10112775964;S
20240415;100009;578.3;2;10112775969;S
20240415;100009;578.3;1;10112775975;S
20240415;100009;578.55;1;10112775981;B
20240415;100009;578.55;2;10112775986;B
20240415;100009;578.3;2;10112775988;S
20240415;100009;578.55;2;10112775995;B
20240415;100009;578.55;1;10112776006;B
20240415;100010;578.55;1;10112776014;B
20240415;100010;578.3;2;10112776019;S
20240415;100010;578.55;1;10112776024;B
20240415;100010;578.55;1;10112776026;B
20240415;100010;578.3;2;10112776032;S
20240415;100010;578.55;10;10112776037;B
20240415;100010;578.3;1;10112776044;S
20240415;100010;578.55;1;10112776046;B
20240415;100010;578.3;20;10112776298;S
20240415;100010;578.35;2;10112776486;S
20240415;100010;578.35;20;10112776625;S
20240415;100010;578.55;1;10112776734;B
20240415;100010;578.6;1;10112776742;B
20240415;100010;578.55;1;10112776750;B
20240415;100010;578.35;2;10112776759;S
20240415;100010;578.55;1;10112776761;B
20240415;100010;578.35;2;10112776763;S
20240415;100010;578.35;3;10112776766;S
20240415;100010;578.55;1;10112776767;B
20240415;100010;578.55;1;10112776769;B
20240415;100010;578.55;1;10112776772;B
20240415;100010;578.55;2;10112776775;B
20240415;100010;578.35;2;10112776778;S
20240415;100010;578.35;2;10112776780;S
20240415;100010;578.35;3;10112776783;S
20240415;100010;578.35;1;10112776787;S
20240415;100010;578.55;1;10112776792;B
20240415;100010;578.35;2;10112776793;S
20240415;100010;578.55;1;10112776794;B
20240415;100010;578.35;5;10112776797;S
20240415;100010;578.55;2;10112776798;B
20240415;100010;578.55;1;10112776802;B
20240415;100010;578.35;2;10112776805;S
20240415;100010;578.35;1;10112776806;S
20240415;100010;578.55;5;10112776825;B
20240415;100010;578.55;2;10112776827;B
20240415;100010;578.35;2;10112776828;S
20240415;100010;578.35;1;10112776829;S
20240415;100010;578.55;2;10112776831;B
20240415;100010;578.35;1;10112776833;S
20240415;100010;578.35;2;10112776836;S
20240415;100010;578.55;1;10112776837;B
20240415;100010;578.35;2;10112776840;S
20240415;100010;578.35;2;10112776844;S
20240415;100010;578.55;1;10112776849;B
20240415;100010;578.35;1;10112776850;S
20240415;100010;578.35;1;10112776851;S
20240415;100010;578.55;1;10112776853;B
20240415;100010;578.55;1;10112776855;B
20240415;100010;578.35;2;10112776856;S
20240415;100010;578.55;9;10112776863;B
20240415;100010;578.6;41;10112776864;B
20240415;100010;578.6;53;10112776865;B
20240415;100010;578.35;1;10112776867;S
20240415;100010;578.35;10;10112776868;S
20240415;100010;578.55;1;10112776878;B
20240415;100010;578.35;2;10112776884;S
20240415;100010;578.55;1;10112776885;B
20240415;100010;578.55;2;10112776887;B
20240415;100010;578.55;1;10112776889;B
20240415;100010;578.6;1;10112776895;B
20240415;100010;578.6;2;10112776896;B
20240415;100010;578.35;2;10112776898;S
20240415;100010;578.6;1;10112776900;B
20240415;100010;578.35;2;10112776902;S
20240415;100010;578.35;1;10112776903;S
20240415;100010;578.6;1;10112776905;B
20240415;100010;578.35;2;10112776907;S
20240415;100010;578.35;1;10112776909;S
20240415;100010;578.6;1;10112776910;B
20240415;100010;578.35;1;10112776911;S
20240415;100010;578.35;2;10112776913;S
20240415;100010;578.6;1;10112776914;B
20240415;100010;578.35;3;10112776922;S
20240415;100010;578.6;2;10112776926;B
20240415;100010;578.6;2;10112776927;B
20240415;100010;578.35;2;10112776929;S
20240415;100010;578.35;2;10112776941;S
20240415;100010;578.35;2;10112776968;S
20240415;100010;578.35;2;10112776981;S
20240415;100010;578.6;2;10112776986;B
20240415;100010;578.6;2;10112776996;B
20240415;100010;578.6;1;10112777004;B
20240415;100010;578.35;5;10112777013;S
20240415;100010;578.6;2;10112777029;B
20240415;100010;578.6;1;10112777035;B
20240415;100010;578.6;1;10112777057;B
20240415;100010;578.3;1;10112777068;S
20240415;100010;578.6;2;10112777077;B
20240415;100010;578.3;2;10112777110;S
20240415;100010;578.6;1;10112777111;B
20240415;100010;578.6;1;10112777113;B
20240415;100010;578.6;2;10112777119;B
20240415;100010;578.6;1;10112777125;B
20240415;100010;578.6;1;10112777146;B
20240415;100010;578.6;1;10112777153;B
20240415;100010;578.3;2;10112777162;S
20240415;100010;578.3;34;10112777177;S
20240415;100010;578.25;5;10112777178;S
20240415;100010;578.2;61;10112777179;S
20240415;100010;578.6;2;10112777183;B
20240415;100010;578.25;2;10112777214;S
20240415;100010;578.55;5;10112777220;B
20240415;100010;578.55;5;10112777235;B
20240415;100010;578.25;10;10112777247;S
20240415;100010;578.25;1;10112777258;S
20240415;100010;578.25;12;10112777264;S
20240415;100010;578.55;1;10112777271;B
20240415;100010;578.55;2;10112777275;B
20240415;100010;578.55;1;10112777284;B
20240415;100010;578.25;2;10112777290;S
20240415;100010;578.55;20;10112777293;B
20240415;100010;578.6;80;10112777294;B
20240415;100010;578.25;1;10112777297;S
20240415;100010;578.55;2;10112777304;B
20240415;100010;578.25;2;10112777305;S
20240415;100010;578.55;1;10112777307;B
20240415;100010;578.55;2;10112777316;B
20240415;100010;578.25;2;10112777317;S
20240415;100010;578.55;1;10112777325;B
20240415;100010;578.55;1;10112777328;B
20240415;100010;578.55;1;10112777329;B
20240415;100010;578.55;1;10112777339;B
20240415;100010;578.55;2;10112777341;B
20240415;100010;578.55;1;10112777349;B
20240415;100010;578.25;1;10112777350;S
20240415;100010;578.55;2;10112777353;B
20240415;100010;578.25;1;10112777355;S
20240415;100010;578.15;1;10112777356;S
20240415;100010;578.15;2;10112777358;S
20240415;100010;578.55;2;10112777368;B
20240415;100010;578.2;1;10112777371;S
20240415;100010;578.55;1;10112777372;B
20240415;100010;578.2;1;10112777375;S
20240415;100010;578.2;2;10112777391;S
20240415;100010;578.55;2;10112777393;B
20240415;100010;578.2;2;10112777395;S
20240415;100010;578.55;1;10112777400;B
20240415;100010;578.55;1;10112777408;B
20240415;100010;578.55;1;10112777411;B
20240415;100010;578.2;2;10112777412;S
20240415;100010;578.2;2;10112777427;S
20240415;100010;578.55;1;10112777428;B
20240415;100010;578.55;2;10112777432;B
20240415;100010;578.2;1;10112777436;S
20240415;100010;578.55;1;10112777441;B
20240415;100010;578.2;1;10112777444;S
20240415;100010;578.2;1;10112777447;S
20240415;100010;578.2;2;10112777453;S
20240415;100010;578.55;1;10112777454;B
20240415;100010;578.55;3;10112777461;B
20240415;100010;578.55;5;10112777462;B
20240415;100010;578.5;2;10112777466;B
20240415;100010;578.5;1;10112777470;B
20240415;100010;578.2;4;10112777472;S
20240415;100010;578.2;2;10112777483;S
20240415;100010;578.2;2;10112777484;S
20240415;100010;578.5;1;10112777494;B
20240415;100010;578.2;1;10112777498;S
20240415;100010;578.5;18;10112777500;B
20240415;100010;578.55;82;10112777501;B
20240415;100010;578.55;1;10112777507;B
20240415;100010;578.5;2;10112777510;B
20240415;100010;578.2;2;10112777516;S
20240415;100010;578.2;2;10112777518;S
20240415;100010;578.5;1;10112777542;B
20240415;100010;578.5;1;10112777584;B
20240415;100010;578.2;2;10112777603;S
20240415;100010;578.2;2;10112777604;S
20240415;100010;578.2;1;10112777617;S
20240415;100010;578.2;1;10112777618;S
20240415;100010;578.2;1;10112777619;S
20240415;100010;578.2;2;10112777624;S
20240415;100010;578.25;2;10112777638;S
20240415;100010;578.25;5;10112777641;S
20240415;100010;578.5;1;10112777649;B
20240415;100010;578.5;2;10112777652;B
20240415;100010;578.25;5;10112777659;S
20240415;100010;578.5;1;10112777664;B
20240415;100010;578.25;2;10112777681;S
20240415;100010;578.5;1;10112777692;B
20240415;100010;578.6;1;10112777693;B
20240415;100010;578.55;2;10112777696;B
20240415;100010;578.55;2;10112777703;B
20240415;100010;578.25;1;10112777712;S
20240415;100010;578.25;2;10112777714;S
20240415;100010;578.55;1;10112777726;B
20240415;100010;578.25;5;10112777735;S
20240415;100010;578.25;1;10112777737;S
20240415;100010;578.55;4;10112777744;B
20240415;100010;578.55;2;10112777751;B
20240415;100010;578.25;1;10112777756;S
20240415;100010;578.25;2;10112777762;S
20240415;100010;578.25;2;10112777777;S
20240415;100010;578.25;2;10112777791;S
20240415;100010;578.55;2;10112777793;B
20240415;100010;578.55;11;10112777796;B
20240415;100010;578.6;89;10112777797;B
20240415;100010;578.25;2;10112777804;S
20240415;100010;578.55;1;10112777807;B
20240415;100010;578.55;1;10112777817;B
20240415;100010;578.55;1;10112777820;B
20240415;100010;578.55;1;10112777828;B
20240415;100010;578.55;1;10112777839;B
20240415;100010;578.55;1;10112777841;B
20240415;100010;578.55;1;10112777853;B
20240415;100010;578.25;2;10112777855;S
20240415;100010;578.2;2;10112777863;S
20240415;100010;578.55;2;10112777869;B
20240415;100010;578.25;1;10112777879;S
20240415;100010;578.25;1;10112777880;S
20240415;100010;578.25;1;10112777889;S
20240415;100010;578.25;1;10112777890;S
20240415;100010;578.55;7;10112777903;B
20240415;100010;578.6;693;10112777904;B
20240415;100010;578.25;30;10112777905;S
20240415;100010;578.2;12;10112777906;S
20240415;100010;578.6;2;10112777914;B
20240415;100010;578.6;2;10112777915;B
20240415;100010;578.6;1;10112777919;B
20240415;100010;578.55;1;10112777922;B
20240415;100010;578.25;5;10112777935;S
20240415;100010;578.55;1;10112777945;B
20240415;100010;578.55;1;10112777963;B
20240415;100010;578.55;2;10112777971;B
20240415;100010;578.55;1;10112777996;B
20240415;100010;578.25;7;10112778007;S
20240415;100010;578.55;28;10112778018;B
20240415;100010;578.6;2;10112778019;B
20240415;100010;578.6;1;10112778039;B
20240415;100010;578.25;1;10112778043;S
20240415;100010;578.25;21;10112778054;S
20240415;100010;578.2;16;10112778055;S
20240415;100010;578.2;1;10112778067;S
20240415;100010;578.55;1;10112778084;B
20240415;100010;578.55;2;10112778112;B
20240415;100010;578.25;1;10112778134;S
20240415;100010;578.55;1;10112778140;B
20240415;100010;578.55;1;10112778173;B
20240415;100010;578.25;2;10112778182;S
20240415;100010;578.25;2;10112778196;S
20240415;100010;578.25;1;10112778200;S
20240415;100010;578.55;1;10112778212;B
20240415;100010;578.55;2;10112778244;B
20240415;100010;578.25;2;10112778254;S
20240415;100010;578.55;1;10112778256;B
20240415;100010;578.55;1;10112778259;B
20240415;100010;578.25;1;10112778260;S
20240415;100010;578.25;2;10112778265;S
20240415;100010;578.55;2;10112778271;B
20240415;100010;578.25;1;10112778278;S
20240415;100010;578.55;1;10112778282;B
20240415;100010;578.25;1;10112778293;S
20240415;100010;578.55;1;10112778294;B
20240415;100010;578.25;2;10112778297;S
20240415;100010;578.55;1;10112778304;B
20240415;100010;578.25;2;10112778309;S
20240415;100010;578.55;1;10112778316;B
20240415;100010;578.6;1;10112778317;B
20240415;100010;578.25;1;10112778323;S
20240415;100010;578.25;2;10112778343;S
20240415;100010;578.55;1;10112778348;B
20240415;100010;578.55;15;10112778350;B
20240415;100010;578.25;2;10112778355;S
20240415;100010;578.25;2;10112778364;S
20240415;100010;578.55;10;10112778368;B
20240415;100010;578.25;2;10112778373;S
20240415;100010;578.55;8;10112778378;B
20240415;100010;578.6;2;10112778379;B
20240415;100010;578.25;4;10112778383;S
20240415;100010;578.55;5;10112778388;B
20240415;100010;578.25;1;10112778396;S
20240415;100010;578.25;2;10112778409;S
20240415;100010;578.55;1;10112778429;B
20240415;100010;578.25;1;10112778444;S
20240415;100010;578.2;23;10112778445;S
20240415;100011;578.55;3;10112778684;B
20240415;100011;578.25;2;10112778991;S
20240415;100011;578.25;6;10112778999;S
20240415;100011;578.25;4;10112779078;S
20240415;100011;578.25;14;10112779658;S
20240415;100011;578.25;1;10112779703;S
20240415;100011;578.25;1;10112779731;S
20240415;100011;578.25;6;10112779739;S
20240415;100011;578.25;15;10112779740;S
20240415;100011;578.35;18;10112779827;S
20240415;100011;578.55;2;10112779841;B
20240415;100011;578.55;2;10112779844;B
20240415;100011;578.55;1;10112779847;B
20240415;100011;578.6;124;10112779848;B
20240415;100011;578.35;1;10112779858;S
20240415;100011;578.35;1;10112779870;S
20240415;100011;578.55;1;10112779874;B
20240415;100011;578.55;1;10112779878;B
20240415;100011;578.35;1;10112779884;S
20240415;100011;578.35;1;10112779889;S
20240415;100011;578.55;1;10112779890;B
20240415;100011;578.35;1;10112779988;S
20240415;100011;578.55;16;10112780217;B
20240415;100012;578.55;10;10112780536;B
20240415;100012;578.55;1;10112781034;B
20240415;100012;578.35;2;10112781035;S
20240415;100012;578.55;2;10112781038;B
20240415;100012;578.55;2;10112781039;B
20240415;100012;578.6;1;10112781041;B
20240415;100012;578.6;1;10112781046;B
20240415;100012;578.35;2;10112781047;S
20240415;100012;578.6;2;10112781048;B
20240415;100012;578.55;2;10112781050;B
20240415;100012;578.55;2;10112781051;B
20240415;100012;578.55;1;10112781052;B
20240415;100012;578.55;1;10112781053;B
20240415;100012;578.55;1;10112781057;B
20240415;100012;578.55;1;10112781058;B
20240415;100012;578.6;1;10112781059;B
20240415;100012;578.35;2;10112781060;S
20240415;100012;578.6;1;10112781061;B
20240415;100012;578.35;1;10112781062;S
20240415;100012;578.35;2;10112781064;S
20240415;100012;578.35;2;10112781065;S
20240415;100012;578.35;2;10112781069;S
20240415;100012;578.6;1;10112781070;B
20240415;100012;578.6;1;10112781071;B
20240415;100012;578.6;1;10112781073;B
20240415;100012;578.6;1;10112781076;B
20240415;100012;578.6;5;10112781077;B
20240415;100012;578.6;10;10112781078;B
20240415;100012;578.35;1;10112781080;S
20240415;100012;578.35;2;10112781082;S
20240415;100012;578.6;1;10112781083;B
20240415;100012;578.35;1;10112781084;S
20240415;100012;578.35;2;10112781085;S
20240415;100012;578.6;2;10112781086;B
20240415;100012;578.6;1;10112781087;B
20240415;100012;578.6;1;10112781088;B
20240415;100012;578.35;2;10112781089;S
20240415;100012;578.6;1;10112781090;B
20240415;100012;578.6;2;10112781091;B
20240415;100012;578.35;1;10112781261;S
20240415;100012;578.6;57;10112781269;B
20240415;100012;578.35;2;10112781288;S
20240415;100012;578.35;1;10112781302;S
20240415;100012;578.55;1;10112781310;B
20240415;100012;578.6;9;10112781311;B
20240415;100012;578.55;3;10112781361;B
20240415;100012;578.35;1;10112781515;S
20240415;100012;578.5;2;10112781558;B
20240415;100013;578.35;1;10112781801;S
20240415;100013;578.5;3;10112781825;B
20240415;100013;578.35;28;10112781919;S
20240415;100013;578.35;388;10112781920;S
20240415;100013;578.25;530;10112781921;S
20240415;100013;578.15;54;10112781922;S
20240415;100013;578.2;1;10112782014;S
20240415;100013;578.2;5;10112782069;S
20240415;100013;578.2;1;10112782106;S
20240415;100013;578.55;1;10112782136;B
20240415;100013;578.6;213;10112782137;B
20240415;100013;578.65;86;10112782138;B
20240415;100013;578.25;1;10112782145;S
20240415;100013;578.3;34;10112782204;S
20240415;100013;578.25;18;10112782205;S
20240415;100013;578.25;3;10112782206;S
20240415;100013;578.3;2;10112782235;S
20240415;100013;578.3;2;10112782282;S
20240415;100013;578.2;2;10112782322;S
20240415;100013;578.2;5;10112782337;S
20240415;100013;578.2;1;10112782363;S
20240415;100014;578.15;9;10112782518;S
20240415;100014;578.15;11;10112782537;S
20240415;100014;578.35;2;10112782546;B
20240415;100014;578.15;1;10112782555;S
20240415;100014;578.15;12;10112782566;S
20240415;100014;578.15;3;10112782583;S
20240415;100014;578.35;5;10112782597;B
20240415;100014;578.1;8;10112782664;S
20240415;100014;578.1;100;10112782701;S
20240415;100014;578.35;14;10112782736;B
20240415;100014;578.1;6;10112782894;S
20240415;100014;578.4;800;10112782931;B
20240415;100014;578.4;10;10112782941;B
20240415;100014;578.4;2;10112782959;B
20240415;100014;578.4;125;10112783010;B
20240415;100014;578.4;139;10112783039;B
20240415;100014;578.4;1;10112783046;B
20240415;100014;578.4;139;10112783080;B
20240415;100014;578.4;139;10112783108;B
20240415;100014;578.4;61;10112783210;B
20240415;100014;578.4;70;10112783229;B
20240415;100014;578.35;34;10112783247;B
20240415;100014;578.35;14;10112783253;S
20240415;100015;578.4;14;10112783344;B
20240415;100015;578.7;26;10112783345;B
20240415;100015;578.75;26;10112783346;B
20240415;100016;578.6;2;10112783855;S
20240415;100016;578.8;1;10112784008;B
20240415;100016;578.8;3;10112784078;B
20240415;100016;578.8;5;10112784079;B
20240415;100016;578.8;2;10112784080;B
20240415;100016;578.85;2;10112784081;B
20240415;100016;578.9;43;10112784082;B
20240415;100017;578.9;28;10112784245;B
20240415;100017;578.6;32;10112784313;S
20240415;100017;578.6;2;10112784314;S
20240415;100017;578.6;66;10112784315;S
20240415;100017;578.85;32;10112784355;B
20240415;100017;578.85;6;10112784753;S
20240415;100017;578.95;182;10112784757;B
20240415;100017;578.95;6;10112784758;B
20240415;100017;578.95;1;10112784759;B
20240415;100017;578.95;3000;10112784760;B
20240415;100017;578.95;3;10112784761;B
20240415;100017;578.95;388;10112784762;B
20240415;100017;578.95;26;10112784763;B
20240415;100017;578.95;289;10112784764;B
20240415;100017;579;500;10112784765;B
20240415;100017;579;1;10112784766;B
20240415;100017;579;1;10112784767;B
20240415;100017;579;1;10112784768;B
20240415;100017;579;1;10112784769;B
20240415;100017;579;4;10112784770;B
20240415;100017;579;597;10112784771;B
20240415;100017;578.95;17;10112784844;B
20240415;100018;578.95;1;10112784907;B
20240415;100018;578.95;5;10112785019;B
20240415;100019;578.95;5;10112785239;B
20240415;100019;578.95;8;10112785256;B
20240415;100019;578.95;64;10112785257;B
20240415;100019;578.95;28;10112785258;B
20240415;100019;578.95;50;10112785280;B
20240415;100019;579;3;10112785611;B
20240415;100019;579;20;10112785617;B
20240415;100020;578.85;32;10112785725;S
20240415;100020;578.85;175;10112785726;S
20240415;100020;578.85;2;10112785730;S
20240415;100020;578.85;27;10112785762;B
20240415;100020;578.75;100;10112785788;B
20240415;100020;578.85;63;10112785919;S
20240415;100020;578.85;1;10112785945;B
20240415;100021;578.85;20;10112786178;S
20240415;100021;578.75;1;10112786324;B
20240415;100021;578.75;5;10112786406;B
20240415;100021;578.75;4;10112786443;B
20240415;100022;578.75;14;10112786599;B
20240415;100022;578.75;1;10112786653;B
20240415;100022;578.65;1;10112786777;B
20240415;100022;578.6;1;10112786789;S
20240415;100022;578.65;3;10112786840;B
20240415;100022;578.6;9;10112786927;S
20240415;100022;578.6;3;10112786928;S
20240415;100022;578.6;1;10112786929;S
20240415;100022;578.6;1;10112786930;S
20240415;100022;578.55;2;10112786931;S
20240415;100022;578.55;19;10112786932;S
20240415;100022;578.65;5;10112786974;B
20240415;100022;578.65;1;10112786979;B
20240415;100022;578.65;30;10112786986;B
20240415;100023;578.65;25;10112787016;B
20240415;100023;578.5;10;10112787070;S
20240415;100023;578.65;9;10112787138;B
20240415;100023;578.65;133;10112787151;B
20240415;100023;578.65;19;10112787152;B
20240415;100023;578.7;5;10112787153;B
20240415;100023;578.7;207;10112787154;B
20240415;100023;578.7;40;10112787155;B
20240415;100023;578.75;182;10112787156;B
20240415;100023;578.8;40;10112787157;B
20240415;100023;578.85;388;10112787158;B
20240415;100023;578.95;315;10112787159;B
20240415;100023;578.95;300;10112787160;B
20240415;100023;579;3371;10112787161;B
20240415;100023;578.55;5;10112787214;S
20240415;100023;578.55;10;10112787218;S
20240415;100023;578.85;3;10112787295;B
20240415;100025;578.85;3;10112787619;B
20240415;100025;578.85;10;10112787758;B
20240415;100025;578.7;1;10112787870;S
20240415;100026;578.85;6;10112788031;B
20240415;100026;578.85;1;10112788063;B
20240415;100026;578.85;16;10112788124;B
20240415;100026;578.85;10;10112788125;B
20240415;100026;578.85;36;10112788177;B
20240415;100026;578.85;1;10112788205;B
20240415;100026;578.85;121;10112788378;B
20240415;100026;578.85;20;10112788379;B
20240415;100026;578.85;60;10112788380;B
20240415;100026;578.9;5;10112788381;B
20240415;100026;578.9;207;10112788382;B
20240415;100026;578.9;600;10112788383;B
20240415;100026;578.9;10;10112788384;B
20240415;100027;578.95;100;10112788514;B
20240415;100027;578.95;45;10112788599;B
20240415;100027;578.9;20;10112788620;S
20240415;100027;578.95;70;10112788734;B
20240415;100028;578.95;4;10112788893;B
20240415;100028;578.95;1;10112788917;B
20240415;100028;578.95;300;10112788966;B
20240415;100029;578.95;15;10112789112;B
20240415;100029;578.95;65;10112789114;B
20240415;100029;578.95;10;10112789115;B
20240415;100029;579;2105;10112789116;B
20240415;100030;578.9;28;10112789490;S
20240415;100030;578.95;15;10112789619;B
20240415;100031;578.95;20;10112789869;S
20240415;100031;579;4;10112789987;B
20240415;100032;578.95;20;10112790070;S
20240415;100032;579;1000;10112790152;B
20240415;100032;578.95;36;10112790160;S
20240415;100032;578.95;3;10112790200;B
20240415;100033;578.9;20;10112790346;S
20240415;100033;578.9;1;10112790452;S
20240415;100033;578.95;61;10112790493;B
20240415;100033;578.95;139;10112790494;B
20240415;100033;578.9;100;10112790543;S
20240415;100033;578.95;249;10112790553;B
20240415;100033;578.95;207;10112790554;B
20240415;100033;578.95;100;10112790555;B
20240415;100033;579;44;10112790556;B
20240415;100033;578.95;3;10112790577;B
20240415;100033;578.95;5;10112790592;B
20240415;100034;578.95;1;10112790699;B
20240415;100034;578.9;400;10112790739;S
20240415;100034;578.95;198;10112790773;B
20240415;100034;579;292;10112790774;B
20240415;100034;578.9;6;10112790965;S
20240415;100035;578.9;100;10112791129;S
20240415;100035;578.9;100;10112791360;S
20240415;100036;578.95;2;10112791436;B
20240415;100036;578.95;172;10112791470;B
20240415;100036;579;300;10112791728;B
20240415;100036;579;2;10112791779;B
20240415;100036;579;34;10112791780;B
20240415;100036;578.95;28;10112791781;S
20240415;100036;578.9;79;10112791783;S
20240415;100036;578.9;21;10112791784;S
20240415;100036;578.9;100;10112791789;S
20240415;100036;578.9;100;10112791790;S
20240415;100037;578.95;20;10112791838;B
20240415;100037;578.95;200;10112791983;B
20240415;100037;578.95;5;10112792086;B
20240415;100037;578.9;29;10112792122;S
20240415;100037;578.9;1;10112792123;S
20240415;100037;578.9;10;10112792137;S
20240415;100037;578.85;1;10112792138;S
20240415;100037;578.8;2;10112792139;S
20240415;100037;578.8;2;10112792140;S
20240415;100037;578.8;1;10112792141;S
20240415;100037;578.8;8;10112792142;S
20240415;100037;578.8;20;10112792143;S
20240415;100037;578.75;34;10112792144;S
20240415;100037;578.75;9;10112792145;S
20240415;100037;578.75;3;10112792146;S
20240415;100038;578.75;1;10112792379;B
20240415;100038;578.75;50;10112792388;B
20240415;100039;578.75;1;10112792478;B
20240415;100039;578.75;1;10112792514;B
20240415;100039;578.7;10;10112792519;S
20240415;100039;578.7;9;10112792536;S
20240415;100039;578.7;8;10112792537;S
20240415;100039;578.75;40;10112792538;B
20240415;100039;578.75;825;10112792546;B
20240415;100039;578.75;388;10112792547;B
20240415;100039;578.75;10;10112792548;B
20240415;100039;578.75;174;10112792549;B
20240415;100039;578.75;1;10112792550;B
20240415;100039;578.85;10;10112792551;B
20240415;100039;578.85;1;10112792552;B
20240415;100039;578.9;150;10112792553;B
20240415;100039;578.9;1;10112792612;S
20240415;100039;578.95;1;10112792614;B
20240415;100039;578.9;40;10112792640;S
20240415;100040;578.9;3;10112792676;S
20240415;100040;578.95;36;10112792834;B
20240415;100040;578.95;1;10112792835;B
20240415;100040;578.95;60;10112792836;B
20240415;100040;578.95;3;10112792837;B
20240415;100040;578.9;1;10112792967;S
20240415;100040;578.95;565;10112792970;B
20240415;100040;578.95;32;10112793027;B
20240415;100040;578.95;10;10112793028;B
20240415;100040;578.95;1;10112793029;B
20240415;100040;578.95;207;10112793030;B
20240415;100040;578.95;1;10112793031;B
20240415;100040;579;749;10112793032;B
20240415;100041;579;15;10112793086;B
20240415;100041;579;1;10112793105;B
20240415;100041;578.9;5;10112793146;S
20240415;100041;578.95;1;10112793315;B
20240415;100041;579;6;10112793316;B
20240415;100042;578.95;388;10112793437;B
20240415;100042;578.95;112;10112793438;B
20240415;100042;578.9;91;10112793451;S
20240415;100042;578.95;1;10112793455;B
20240415;100042;578.95;94;10112793469;B
20240415;100042;579;906;10112793470;B
20240415;100042;578.95;75;10112793487;B
20240415;100042;578.95;1;10112793535;B
20240415;100042;578.95;2;10112793601;B
20240415;100042;578.95;7;10112793605;B
20240415;100042;578.95;10;10112793642;B
20240415;100043;578.95;2;10112793763;B
20240415;100043;578.9;10;10112793959;S
20240415;100044;578.95;5;10112794037;B
20240415;100044;578.95;10;10112794045;B
20240415;100044;578.95;1;10112794056;B
20240415;100044;578.95;70;10112794152;B
20240415;100044;578.9;700;10112794272;S
20240415;100044;578.9;114;10112794273;S
20240415;100044;578.9;16;10112794274;S
20240415;100044;578.9;347;10112794275;S
20240415;100044;578.9;388;10112794276;S
20240415;100044;578.75;34;10112794277;S
20240415;100044;578.75;2;10112794278;S
20240415;100044;578.7;41;10112794279;S
20240415;100044;578.7;8;10112794280;S
20240415;100044;578.6;27;10112794281;S
20240415;100044;578.9;25;10112794360;B
20240415;100045;578.9;6;10112794434;B
20240415;100045;578.9;4;10112794659;B
20240415;100045;578.95;11;10112794660;B
20240415;100045;578.9;5;10112794732;B
20240415;100046;578.9;1;10112794795;B
20240415;100046;578.6;73;10112794838;S
20240415;100046;578.6;27;10112794839;S
20240415;100046;578.75;1;10112794885;B
20240415;100046;578.75;33;10112794964;B
20240415;100046;578.8;43;10112794965;B
20240415;100047;578.75;34;10112795295;B
20240415;100047;578.8;30;10112795296;B
20240415;100047;578.9;2;10112795297;B
20240415;100047;578.95;3;10112795298;B
20240415;100047;578.95;10;10112795299;B
20240415;100047;578.95;5;10112795300;B
20240415;100047;578.95;4;10112795301;B
20240415;100047;578.9;2;10112795378;B
20240415;100047;578.95;496;10112795379;B
20240415;100047;578.95;14;10112795380;B
20240415;100047;579;238;10112795381;B
20240415;100047;578.95;1;10112795413;B
20240415;100048;578.95;170;10112795449;B
20240415;100048;578.95;2;10112795633;B
20240415;100048;579;28;10112795634;B
20240415;100048;579;21;10112795672;B
20240415;100048;578.9;2;10112795717;S
20240415;100048;579;20;10112795729;B
20240415;100048;579;511;10112795756;B
20240415;100049;579;13;10112795835;B
20240415;100049;579;10;10112795871;B
20240415;100049;578.9;28;10112795895;S
20240415;100050;578.9;11;10112796359;B
20240415;100050;578.9;61;10112796491;B
20240415;100050;578.95;20;10112796492;B
20240415;100050;579;69;10112796493;B
20240415;100050;579;20;10112796558;B
20240415;100051;578.9;1;10112796726;B
20240415;100051;578.85;7;10112796769;S
20240415;100052;578.9;2;10112797159;B
20240415;100052;578.9;17;10112797296;B
20240415;100052;578.9;4;10112797297;B
20240415;100052;578.95;5;10112797332;B
20240415;100052;578.95;5;10112797342;B
20240415;100052;578.85;2;10112797387;S
20240415;100052;578.85;1;10112797388;S
20240415;100052;578.75;2;10112797389;S
20240415;100052;578.75;6;10112797390;S
20240415;100052;578.9;6;10112797404;B
20240415;100052;578.9;10;10112797405;B
20240415;100052;578.95;388;10112797409;B
20240415;100052;579;902;10112797410;B
20240415;100053;578.95;3;10112797540;B
20240415;100053;578.95;5;10112797586;B
20240415;100053;578.95;3;10112797753;B
20240415;100053;578.95;36;10112797765;B
20240415;100053;578.95;341;10112797790;B
20240415;100053;579;159;10112797791;B
20240415;100054;579;20;10112797928;B
20240415;100055;579;1;10112798136;B
20240415;100056;579;4500;10112798468;B
20240415;100057;578.95;18;10112798934;S
20240415;100057;578.95;2;10112798999;S
20240415;100057;578.95;2;10112799023;B
20240415;100057;578.95;6;10112799138;B
20240415;100057;579;4;10112799139;B
20240415;100057;579;400;10112799196;B
20240415;100058;578.9;2;10112799241;S
20240415;100059;579;3;10112799620;B
20240415;100059;578.95;5;10112799773;S
20240415;100100;579;1;10112799923;B
20240415;100100;579;11;10112800065;B
20240415;100100;578.95;15;10112800120;S
20240415;100100;578.95;100;10112800121;S
20240415;100100;578.9;85;10112800122;S
20240415;100100;579;8;10112800128;B
20240415;100100;579;5;10112800160;B
20240415;100101;578.95;1;10112800223;S
20240415;100101;578.9;13;10112800224;S
20240415;100101;578.9;85;10112800225;S
20240415;100101;578.9;2;10112800226;S
20240415;100101;578.9;98;10112800227;S
20240415;100101;578.85;10;10112800230;S
20240415;100101;578.8;40;10112800231;S
20240415;100101;578.8;1;10112800232;S
20240415;100101;578.75;174;10112800309;S
20240415;100101;578.75;100;10112800310;S
20240415;100101;578.7;500;10112800311;S
20240415;100101;578.65;1;10112800312;S
20240415;100101;578.65;34;10112800313;S
20240415;100101;578.65;285;10112800314;S
20240415;100101;578.6;48;10112800318;S
20240415;100101;578.65;34;10112800319;S
20240415;100101;578.6;53;10112800320;S
20240415;100101;578.6;1;10112800321;S
20240415;100101;578.6;12;10112800322;S
20240415;100101;578.8;1;10112800389;B
20240415;100102;578.8;33;10112800565;B
20240415;100102;578.9;2;10112800678;B
20240415;100102;578.9;16;10112800679;B
20240415;100102;578.85;62;10112800707;S
20240415;100102;578.75;130;10112800708;S
20240415;100103;578.9;2;10112800969;B
20240415;100104;578.85;200;10112801165;S
20240415;100104;578.85;1;10112801166;B
20240415;100104;578.75;1;10112801207;S
20240415;100106;578.85;1;10112801562;B
20240415;100106;578.8;100;10112801580;S
20240415;100106;578.85;1;10112801786;B
20240415;100107;578.85;9;10112802043;B
20240415;100108;578.85;10;10112802143;B
20240415;100108;578.85;2;10112802161;B
20240415;100108;578.85;5;10112802169;B
20240415;100108;578.8;1;10112802217;S
20240415;100108;578.85;3;10112802298;B
20240415;100109;578.85;1;10112802405;B
20240415;100109;578.8;8;10112802514;S
20240415;100110;578.85;167;10112802547;B
20240415;100110;578.85;200;10112802548;B
20240415;100110;578.85;58;10112802549;B
20240415;100110;578.85;116;10112802550;B
20240415;100110;578.85;100;10112802551;B
20240415;100110;578.85;24;10112802552;B
20240415;100110;578.9;82;10112802553;B
20240415;100110;578.9;34;10112802554;B
20240415;100110;578.9;40;10112802555;B
20240415;100110;578.9;104;10112802556;B
20240415;100110;578.95;5;10112802583;B
20240415;100110;578.8;1;10112802607;S
20240415;100110;578.8;2;10112802615;S
20240415;100110;578.9;5;10112802805;B
20240415;100111;578.95;1;10112802999;B
20240415;100112;578.85;1;10112803456;B
20240415;100112;578.9;1;10112803457;B
20240415;100112;578.9;4;10112803458;B
20240415;100113;578.95;2;10112803516;B
20240415;100113;578.9;10;10112803547;S
20240415;100113;578.9;2;10112803555;S
20240415;100113;578.8;88;10112803556;S
20240415;100113;578.8;12;10112803557;S
20240415;100113;578.9;48;10112803566;B
20240415;100113;578.95;296;10112803567;B
20240415;100113;578.9;2;10112803728;B
20240415;100114;578.9;5;10112803760;B
20240415;100114;578.9;5;10112803863;B
20240415;100114;578.75;24;10112803895;S
20240415;100114;578.75;100;10112803979;S
20240415;100115;578.75;8;10112804035;S
20240415;100115;578.85;1;10112804244;B
20240415;100116;578.8;50;10112804495;S
20240415;100116;578.8;2;10112804533;S
20240415;100116;578.8;4;10112804543;S
20240415;100116;578.85;4;10112804589;B
20240415;100116;578.85;2;10112804638;B
20240415;100117;578.85;20;10112804679;B
20240415;100117;578.8;5;10112804708;S
20240415;100117;578.8;5;10112804709;S
20240415;100117;578.75;37;10112804815;S
20240415;100117;578.75;34;10112804816;S
20240415;100117;578.75;388;10112804817;S
20240415;100117;578.7;1;10112804818;S
20240415;100117;578.65;50;10112804819;S
20240415;100117;578.65;96;10112804820;S
20240415;100117;578.6;100;10112804821;S
20240415;100117;578.6;516;10112804822;S
20240415;100117;578.55;68;10112804823;S
20240415;100117;578.55;7;10112804824;S
20240415;100117;578.55;1;10112804825;S
20240415;100117;578.55;100;10112804826;S
20240415;100117;578.5;76;10112804827;S
20240415;100117;578.5;8;10112804828;S
20240415;100117;578.5;5;10112804829;S
20240415;100117;578.5;13;10112804830;S
20240415;100117;578.8;2;10112804885;B
20240415;100117;578.75;2;10112804968;S
20240415;100119;578.75;1;10112805406;S
20240415;100119;578.75;1;10112805407;S
20240415;100119;578.7;2;10112805408;S
20240415;100119;578.8;1;10112805433;B
20240415;100119;578.8;31;10112805444;B
20240415;100119;578.85;147;10112805445;B
20240415;100119;578.85;4;10112805446;B
20240415;100119;578.9;488;10112805447;B
20240415;100119;578.9;10;10112805448;B
20240415;100119;578.9;506;10112805449;B
20240415;100119;578.95;196;10112805450;B
20240415;100119;578.95;10;10112805451;B
20240415;100119;578.95;10;10112805452;B
20240415;100119;578.95;10;10112805453;B
20240415;100119;578.95;10;10112805454;B
20240415;100119;578.95;10;10112805455;B
20240415;100119;578.95;10;10112805456;B
20240415;100119;578.95;4;10112805457;B
20240415;100119;578.95;10;10112805458;B
20240415;100119;578.95;10;10112805459;B
20240415;100119;578.95;5;10112805460;B
20240415;100119;578.95;388;10112805461;B
20240415;100119;578.95;382;10112805462;B
20240415;100119;579;1259;10112805463;B
20240415;100119;579;2;10112805464;B
20240415;100119;579;8;10112805527;B
20240415;100120;578.8;1;10112805604;B
20240415;100120;578.8;59;10112805760;B
20240415;100120;578.95;114;10112805761;B
20240415;100120;579;1;10112805818;B
20240415;100121;578.75;27;10112805938;S
20240415;100122;578.95;27;10112806232;B
20240415;100122;579;8873;10112806233;B
20240415;100122;579;1;10112806279;B
20240415;100123;578.85;1;10112806515;S
20240415;100123;578.85;1;10112806516;S
20240415;100124;579;50;10112806777;B
20240415;100124;578.9;20;10112806978;S
20240415;100124;578.85;49;10112806979;S
20240415;100124;578.85;31;10112806980;S
20240415;100124;578.85;3;10112806981;S
20240415;100124;578.85;97;10112806982;S
20240415;100124;578.85;77;10112806983;S
20240415;100125;578.8;1;10112807105;S
20240415;100125;578.8;6;10112807106;S
20240415;100125;578.85;2;10112807143;B
20240415;100125;578.8;2;10112807162;S
20240415;100125;578.8;1;10112807251;S
20240415;100125;578.8;20;10112807280;S
20240415;100126;578.85;21;10112807336;B
20240415;100126;578.85;10;10112807337;B
20240415;100126;578.85;11;10112807353;B
20240415;100126;578.85;50;10112807412;B
20240415;100126;578.85;13;10112807419;B
20240415;100126;578.8;43;10112807427;S
20240415;100126;578.85;1;10112807440;B
20240415;100127;578.8;3;10112807609;S
20240415;100127;578.8;8;10112807717;S
20240415;100128;578.8;100;10112807946;S
20240415;100129;578.8;4;10112808270;S
20240415;100129;578.8;1;10112808271;S
20240415;100129;578.8;195;10112808272;S
20240415;100130;578.85;2;10112808476;B
20240415;100130;578.85;10;10112808509;B
20240415;100131;578.8;5;10112808775;S
20240415;100131;578.8;5;10112808776;S
20240415;100131;578.75;40;10112808777;S
20240415;100131;578.75;100;10112808778;S
20240415;100131;578.75;10;10112808779;S
20240415;100131;578.75;382;10112808780;S
20240415;100131;578.7;16;10112808781;S
20240415;100131;578.7;100;10112808782;S
20240415;100131;578.7;200;10112808783;S
20240415;100131;578.7;23;10112808784;S
20240415;100131;578.85;2;10112808863;B
20240415;100132;578.7;250;10112808976;S
20240415;100133;578.75;5;10112809340;S
20240415;100133;578.65;1;10112809341;S
20240415;100133;578.65;1494;10112809342;S
20240415;100134;578.8;2;10112809538;B
20240415;100135;578.75;2;10112809828;B
20240415;100135;578.75;3;10112809878;B
20240415;100135;578.8;2;10112809879;B
20240415;100136;578.8;2;10112809919;B
20240415;100136;578.8;2;10112809956;B
20240415;100136;578.8;92;10112810100;B
20240415;100136;578.85;1;10112810101;B
20240415;100136;578.85;30;10112810102;B
20240415;100136;578.85;30;10112810103;B
20240415;100136;578.85;347;10112810104;B
20240415;100137;578.7;20;10112810167;S
20240415;100137;578.65;506;10112810168;S
20240415;100137;578.65;2;10112810169;S
20240415;100137;578.65;5;10112810170;S
20240415;100137;578.65;200;10112810369;B
20240415;100137;578.65;660;10112810395;B
20240415;100138;578.65;7;10112810429;B
20240415;100138;578.75;34;10112810430;B
20240415;100138;578.8;1;10112810431;B
20240415;100138;578.85;100;10112810432;B
20240415;100138;578.9;33;10112810433;B
20240415;100138;578.9;59;10112810476;B
20240415;100138;578.85;20;10112810509;B
20240415;100138;578.85;1;10112810587;B
20240415;100139;578.85;1;10112810674;B
20240415;100140;578.7;34;10112810953;S
20240415;100140;578.7;64;10112810954;S
20240415;100140;578.65;40;10112810964;S
20240415;100140;578.65;60;10112810965;S
20240415;100140;578.65;1;10112811003;S
20240415;100141;578.7;1;10112811220;B
20240415;100141;578.65;327;10112811297;S
20240415;100141;578.65;20;10112811298;S
20240415;100141;578.65;108;10112811299;S
20240415;100141;578.6;3;10112811300;S
20240415;100141;578.6;20;10112811301;S
20240415;100141;578.55;1;10112811302;S
20240415;100141;578.5;25;10112811303;S
20240415;100141;578.5;1;10112811304;S
20240415;100141;578.45;50;10112811305;S
20240415;100141;578.45;34;10112811306;S
20240415;100141;578.4;5;10112811307;S
20240415;100141;578.35;100;10112811308;S
20240415;100141;578.35;207;10112811309;S
20240415;100141;578.35;4;10112811310;S
20240415;100141;578.35;95;10112811311;S
20240415;100141;578.4;1;10112811313;S
20240415;100142;578.7;34;10112811425;B
20240415;100142;578.7;166;10112811426;B
20240415;100142;578.55;6;10112811438;S
20240415;100142;578.55;1;10112811569;S
20240415;100142;578.6;1;10112811570;B
20240415;100143;578.55;200;10112811597;S
20240415;100143;578.6;19;10112811661;B
20240415;100143;578.6;39;10112811662;S
20240415;100143;578.6;388;10112811663;S
20240415;100143;578.55;34;10112811664;S
20240415;100143;578.3;300;10112811665;S
20240415;100143;578.3;6;10112811666;S
20240415;100143;578.3;1;10112811667;S
20240415;100143;578.3;207;10112811668;S
20240415;100143;578.25;1;10112811669;S
20240415;100143;578.25;5;10112811670;S
20240415;100143;578.25;207;10112811671;S
20240415;100143;578.2;1;10112811672;S
20240415;100143;578.2;1;10112811673;S
20240415;100143;578.2;359;10112811674;S
20240415;100144;578.5;60;10112811944;S
20240415;100144;578.4;20;10112811945;S
20240415;100144;578.55;1;10112812026;B
20240415;100144;578.5;9;10112812054;B
20240415;100144;578.5;11;10112812076;B
20240415;100145;578.45;2;10112812168;S
20240415;100145;578.45;50;10112812172;S
20240415;100145;578.45;100;10112812185;S
20240415;100145;578.45;4;10112812204;S
20240415;100145;578.35;7;10112812226;S
20240415;100145;578.3;50;10112812256;S
20240415;100145;578.25;7;10112812454;S
20240415;100145;578.5;1;10112812558;B
20240415;100145;578.25;5;10112812582;S
20240415;100146;578.5;79;10112812748;B
20240415;100146;578.5;34;10112812749;B
20240415;100146;578.55;3;10112812750;B
20240415;100146;578.55;100;10112812751;B
20240415;100146;578.7;184;10112812752;B
20240415;100146;578.5;1;10112812835;B
20240415;100146;578.6;2;10112812836;B
20240415;100146;578.6;100;10112812841;B
20240415;100146;578.4;2;10112812936;B
20240415;100147;578.4;4;10112813161;B
20240415;100147;578.4;1;10112813162;B
20240415;100149;578.4;3;10112813590;B
20240415;100149;578.4;10;10112813698;B
20240415;100149;578.6;7;10112813699;B
20240415;100149;578.6;1;10112813749;B
20240415;100149;578.6;3;10112813785;B
20240415;100149;578.65;34;10112813786;B
20240415;100149;578.65;1;10112813787;B
20240415;100149;578.65;193;10112813788;B
20240415;100150;578.7;1;10112813898;B
20240415;100150;578.7;382;10112813899;B
20240415;100150;578.7;17;10112813900;B
20240415;100150;578.7;5;10112813910;B
20240415;100152;578.65;50;10112814632;B
20240415;100152;578.65;50;10112814633;B
20240415;100152;578.7;72;10112814634;B
20240415;100157;578.65;1;10112815991;B
20240415;100158;578.65;4;10112816235;B
20240415;100158;578.7;3;10112816236;B
20240415;100159;578.7;18;10112816384;B
20240415;100159;578.7;1;10112816444;B
20240415;100201;578.65;1;10112817005;B
20240415;100202;578.65;1;10112817333;B
20240415;100202;578.7;19;10112817334;B
20240415;100203;578.7;4;10112817494;B
20240415;100203;578.7;1;10112817565;B
20240415;100204;578.55;5;10112817866;S
20240415;100204;578.55;34;10112817867;S
20240415;100204;578.55;15;10112817868;S
20240415;100204;578.55;20;10112817869;S
20240415;100204;578.55;132;10112817870;S
20240415;100204;578.5;1;10112817871;S
20240415;100204;578.5;174;10112817872;S
20240415;100204;578.45;1;10112817873;S
20240415;100204;578.45;10;10112817874;S
20240415;100204;578.45;1;10112817875;S
20240415;100204;578.45;388;10112817876;S
20240415;100204;578.45;219;10112817877;S
20240415;100206;578.65;34;10112818295;B
20240415;100206;578.7;72;10112818296;B
20240415;100206;578.75;4;10112818297;B
20240415;100206;578.75;4;10112818298;B
20240415;100206;578.75;4;10112818299;B
20240415;100206;578.75;4;10112818300;B
20240415;100206;578.75;4;10112818301;B
20240415;100206;578.75;40;10112818302;B
20240415;100206;578.8;5;10112818303;B
20240415;100206;578.8;500;10112818304;B
20240415;100206;578.8;329;10112818305;B
20240415;100210;578.75;2;10112819156;B
20240415;100210;578.8;504;10112819157;B
20240415;100210;578.85;5;10112819158;B
20240415;100210;578.85;1;10112819159;B
20240415;100210;578.85;873;10112819160;B
20240415;100210;578.85;15;10112819161;B
20240415;100210;578.85;207;10112819162;B
20240415;100210;578.85;388;10112819163;B
20240415;100210;578.9;44;10112819164;B
20240415;100210;578.7;2;10112819193;S
20240415;100210;578.85;3;10112819262;B
20240415;100211;578.9;1;10112819309;B
20240415;100211;578.8;1;10112819376;B
20240415;100211;578.9;9;10112819377;B
20240415;100211;578.75;4;10112819536;S
20240415;100211;578.75;96;10112819537;S
20240415;100212;578.7;8;10112819775;S
20240415;100212;578.7;34;10112819776;S
20240415;100212;578.7;24;10112819777;S
20240415;100212;578.65;25;10112819778;S
20240415;100212;578.65;16;10112819779;S
20240415;100212;578.6;46;10112819780;S
20240415;100212;578.6;128;10112819790;S
20240415;100212;578.6;22;10112819791;S
20240415;100213;578.85;3;10112819870;B
20240415;100213;578.75;1;10112819946;B
20240415;100214;578.55;10;10112820150;S
20240415;100214;578.55;55;10112820151;S
20240415;100214;578.55;1;10112820152;S
20240415;100214;578.5;40;10112820153;S
20240415;100214;578.5;64;10112820154;S
20240415;100214;578.45;6;10112820155;S
20240415;100214;578.75;52;10112820156;B
20240415;100214;578.75;400;10112820157;S
20240415;100214;578.75;100;10112820158;S
20240415;100214;578.85;5;10112820285;B
20240415;100215;578.9;51;10112820480;B
20240415;100215;578.9;1;10112820483;B
20240415;100215;578.9;1;10112820540;B
20240415;100216;578.9;3;10112820737;B
20240415;100217;578.9;55;10112820783;B
20240415;100217;578.75;48;10112820918;S
20240415;100217;578.65;25;10112820919;S
20240415;100217;578.65;5;10112820920;S
20240415;100220;578.6;1;10112821472;S
20240415;100220;578.55;4;10112821473;S
20240415;100220;578.5;4;10112821474;S
20240415;100220;578.65;4;10112821527;B
20240415;100221;578.65;1;10112821956;B
20240415;100222;578.55;1;10112822052;S
20240415;100222;578.65;3;10112822095;B
20240415;100223;578.65;35;10112822270;B
20240415;100223;578.65;12;10112822393;B
20240415;100223;578.7;5;10112822394;B
20240415;100224;578.7;1;10112822436;B
20240415;100224;578.6;50;10112822571;S
20240415;100224;578.55;20;10112822572;S
20240415;100225;578.55;3;10112822847;S
20240415;100226;578.7;22;10112822934;B
20240415;100226;578.55;1;10112822984;S
20240415;100226;578.5;19;10112822985;S
20240415;100226;578.5;9;10112823009;S
20240415;100226;578.5;57;10112823010;S
20240415;100227;578.5;1;10112823127;B
20240415;100227;578.5;5;10112823181;B
20240415;100227;578.5;20;10112823242;B
20240415;100227;578.5;2;10112823276;B
20240415;100228;578.5;17;10112823542;B
20240415;100228;578.5;1;10112823560;B
20240415;100228;578.5;2;10112823618;B
20240415;100229;578.5;1;10112823647;B
20240415;100229;578.5;2;10112823670;B
20240415;100229;578.5;2;10112823680;B
20240415;100229;578.5;1;10112823717;B
20240415;100230;578.5;1;10112823835;B
20240415;100230;578.5;79;10112824086;B
20240415;100230;578.6;53;10112824087;B
20240415;100230;578.75;40;10112824088;B
20240415;100231;578.65;1;10112824332;S
20240415;100231;578.6;21;10112824333;S
20240415;100232;578.6;47;10112824474;S
20240415;100232;578.6;1;10112824574;S
20240415;100233;578.6;2;10112824726;S
20240415;100234;578.75;1;10112824867;B
20240415;100234;578.8;4;10112824868;B
20240415;100234;578.8;5;10112824869;B
20240415;100234;578.8;1;10112825008;B
20240415;100234;578.65;2;10112825057;S
20240415;100234;578.7;2;10112825162;B
20240415;100234;578.75;68;10112825163;B
20240415;100235;578.7;1;10112825384;S
20240415;100235;578.65;23;10112825385;S
20240415;100235;578.65;2;10112825386;S
20240415;100235;578.6;929;10112825387;S
20240415;100235;578.6;50;10112825388;S
20240415;100235;578.5;40;10112825389;S
20240415;100235;578.5;20;10112825390;S
20240415;100235;578.5;4;10112825391;S
20240415;100235;578.45;1;10112825392;S
20240415;100235;578.45;50;10112825393;S
20240415;100235;578.4;50;10112825394;S
20240415;100235;578.4;50;10112825395;S
20240415;100236;578.45;1;10112825458;B
20240415;100236;578.45;300;10112825543;B
20240415;100236;578.45;1;10112825644;B
20240415;100238;578.4;6;10112826060;S
20240415;100238;578.45;1;10112826083;B
20240415;100238;578.45;3;10112826123;B
20240415;100239;578.45;3;10112826279;B
20240415;100239;578.4;1;10112826318;S
20240415;100239;578.45;2;10112826325;B
20240415;100239;578.45;8;10112826383;B
20240415;100240;578.45;2;10112826536;B
20240415;100240;578.45;1;10112826580;B
20240415;100241;578.45;13;10112826692;B
20240415;100241;578.45;20;10112826758;B
20240415;100241;578.45;1;10112826880;B
20240415;100242;578.45;24;10112826943;B
20240415;100242;578.45;1;10112826944;B
20240415;100242;578.55;50;10112826945;B
20240415;100242;578.6;40;10112826946;B
20240415;100242;578.6;174;10112826947;B
20240415;100242;578.65;110;10112826948;B
20240415;100242;578.65;1;10112826949;B
20240415;100242;578.65;1;10112826976;B
20240415;100242;578.5;1;10112827063;S
20240415;100243;578.5;2;10112827138;S
20240415;100243;578.65;1;10112827193;B
20240415;100243;578.5;46;10112827318;S
20240415;100243;578.45;54;10112827319;S
20240415;100244;578.65;2;10112827578;B
20240415;100245;578.65;1;10112827643;B
20240415;100245;578.65;2;10112827644;B
20240415;100245;578.65;10;10112827645;B
20240415;100248;578.5;1;10112828759;S
20240415;100249;578.6;2;10112828945;B
20240415;100249;578.65;26;10112828946;B
20240415;100249;578.5;1;10112829063;S
20240415;100250;578.65;5;10112829108;B
20240415;100250;578.6;2;10112829182;B
20240415;100251;578.6;10;10112829492;B
20240415;100251;578.55;100;10112829519;B
20240415;100251;578.6;100;10112829542;B
20240415;100251;578.55;7;10112829571;B
20240415;100252;578.55;2;10112829751;B
20240415;100252;578.55;1;10112829758;B
20240415;100252;578.55;29;10112829759;B
20240415;100252;578.55;1;10112829847;B
20240415;100254;578.5;2;10112830243;B
20240415;100255;578.5;100;10112830351;B
20240415;100255;578.5;170;10112830389;B
20240415;100255;578.5;50;10112830419;B
20240415;100255;578.5;1;10112830554;B
20240415;100256;578.45;1;10112830624;S
20240415;100256;578.45;1;10112830678;S
20240415;100256;578.5;3;10112830788;B
20240415;100257;578.45;5;10112830906;S
20240415;100257;578.5;424;10112830959;B
20240415;100257;578.65;16;10112830960;B
20240415;100257;578.65;388;10112830961;B
20240415;100257;578.65;100;10112830962;S
20240415;100257;578.65;72;10112830966;S
20240415;100257;578.65;20;10112830973;B
20240415;100257;578.65;5;10112830994;B
20240415;100258;578.65;1;10112831081;B
20240415;100259;578.5;43;10112831318;S
20240415;100259;578.5;57;10112831319;S
20240415;100300;578.65;1;10112831514;B
20240415;100300;578.65;1;10112831622;B
20240415;100300;578.7;4;10112831623;B
20240415;100300;578.7;1;10112831624;B
20240415;100300;578.75;14;10112831625;B
20240415;100300;578.75;1;10112831626;B
20240415;100300;578.75;79;10112831627;B
20240415;100300;578.7;30;10112831635;B
20240415;100301;578.55;174;10112831729;S
20240415;100301;578.55;238;10112831730;S
20240415;100302;578.55;1;10112831953;B
20240415;100303;578.45;1;10112832026;S
20240415;100303;578.55;87;10112832125;B
20240415;100303;578.6;13;10112832126;B
20240415;100303;578.55;3;10112832128;S
20240415;100304;578.7;42;10112832389;B
20240415;100304;578.65;3;10112832505;S
20240415;100306;578.8;1;10112832880;B
20240415;100306;578.8;1;10112832881;B
20240415;100306;578.8;1;10112832882;B
20240415;100306;578.8;24;10112832883;B
20240415;100306;578.8;70;10112833026;B
20240415;100307;578.8;1;10112833169;B
20240415;100309;578.7;1;10112833589;B
20240415;100310;578.65;80;10112833891;S
20240415;100310;578.65;91;10112833916;S
20240415;100310;578.65;3;10112833917;S
20240415;100310;578.65;6;10112833945;B
20240415;100310;578.7;54;10112833946;B
20240415;100310;578.65;100;10112833947;S
20240415;100311;578.65;37;10112834026;S
20240415;100311;578.7;1;10112834310;B
20240415;100312;578.65;45;10112834557;B
20240415;100313;578.65;50;10112834659;B
20240415;100313;578.6;1;10112834836;S
20240415;100314;578.65;350;10112834891;B
20240415;100314;578.7;5;10112834950;B
20240415;100314;578.6;100;10112834966;S
20240415;100314;578.7;2;10112835052;B
20240415;100315;578.7;12;10112835217;B
20240415;100316;578.6;174;10112835485;S
20240415;100316;578.55;50;10112835486;S
20240415;100316;578.55;764;10112835487;S
20240415;100316;578.5;8;10112835488;S
20240415;100316;578.5;152;10112835489;S
20240415;100316;578.5;43;10112835490;S
20240415;100316;578.5;228;10112835491;S
20240415;100316;578.5;3;10112835492;S
20240415;100316;578.45;438;10112835493;S
20240415;100316;578.45;10;10112835494;S
20240415;100316;578.45;12;10112835495;S
20240415;100316;578.45;1;10112835496;S
20240415;100316;578.45;60;10112835497;S
20240415;100316;578.45;86;10112835498;S
20240415;100316;578.45;879;10112835499;S
20240415;100316;578.4;43;10112835500;S
20240415;100316;578.4;7;10112835501;S
20240415;100316;578.4;42;10112835502;S
20240415;100316;578.6;32;10112835517;B
20240415;100317;578.65;10;10112835775;B
20240415;100318;578.45;1;10112835950;S
20240415;100319;578.55;5;10112836416;B
20240415;100320;578.55;2;10112836553;B
20240415;100320;578.55;2;10112836621;B
20240415;100322;578.55;30;10112836834;B
20240415;100322;578.55;135;10112836844;B
20240415;100322;578.6;1;10112836845;B
20240415;100322;578.6;14;10112836846;B
20240415;100322;578.65;33;10112836934;B
20240415;100322;578.65;106;10112836935;B
20240415;100322;578.65;2;10112837090;B
20240415;100323;578.65;18;10112837141;B
20240415;100323;578.65;118;10112837142;B
20240415;100323;578.65;1;10112837193;B
20240415;100323;578.65;10;10112837252;B
20240415;100324;578.5;34;10112837472;S
20240415;100324;578.5;1;10112837473;S
20240415;100324;578.5;65;10112837480;B
20240415;100324;578.6;15;10112837481;B
20240415;100326;578.45;1;10112837798;S
20240415;100326;578.45;1;10112837799;S
20240415;100326;578.6;1;10112837851;B
20240415;100328;578.55;14;10112838341;S
20240415;100330;578.6;11;10112838947;B
20240415;100330;578.6;1;10112838967;B
20240415;100331;578.6;21;10112839121;B
20240415;100331;578.6;1;10112839122;B
20240415;100331;578.6;102;10112839123;B
20240415;100332;578.65;1;10112839375;B
20240415;100332;578.6;100;10112839401;S
20240415;100333;578.7;1;10112839761;B
20240415;100333;578.7;3;10112839762;B
20240415;100334;578.7;1;10112839895;B
20240415;100335;578.7;2;10112840246;B
20240415;100335;578.6;1;10112840288;S
20240415;100335;578.55;49;10112840289;S
20240415;100336;578.6;10;10112840350;S
20240415;100338;578.6;5;10112840872;S
20240415;100338;578.55;3;10112840873;S
20240415;100338;578.6;1;10112840914;S
20240415;100338;578.55;1;10112840915;S
20240415;100338;578.55;4;10112840917;S
20240415;100338;578.55;1;10112840938;S
20240415;100339;578.65;1;10112841086;B
20240415;100339;578.6;2;10112841244;S
20240415;100340;578.65;1;10112841573;B
20240415;100341;578.65;2;10112841676;B
20240415;100341;578.65;1;10112841688;B
20240415;100341;578.65;1;10112841689;B
20240415;100342;578.7;60;10112841947;B
20240415;100343;578.6;1;10112842081;S
20240415;100343;578.7;25;10112842176;B
20240415;100344;578.6;2;10112842252;S
20240415;100344;578.6;4;10112842373;S
20240415;100344;578.6;1;10112842374;S
20240415;100344;578.6;60;10112842375;S
20240415;100344;578.6;174;10112842376;S
20240415;100344;578.6;1;10112842377;S
20240415;100344;578.55;265;10112842378;S
