<DATE>;<TIME>;<LAST>;<VOL>;<ID>;<OPER>
20240430;095939;583.15;1;10239314966;B
20240430;095939;583.15;1;10239314967;S
20240430;095939;583.15;11;10239314968;B
20240430;095939;583.15;9;10239314969;B
20240430;095939;583.15;1;10239314970;B
20240430;095939;583.15;1;10239314971;B
20240430;095939;583.15;1;10239314972;B
20240430;095939;583.15;1;10239314973;B
20240430;095939;583.15;5;10239314974;B
20240430;095939;583.15;2;10239314975;B
20240430;095939;583.15;15;10239314976;B
20240430;095939;583.15;1;10239314977;B
20240430;095939;583.15;37;10239314978;S
20240430;095939;583.15;3;10239314979;S
20240430;095939;583.15;1;10239314980;S
20240430;095939;583.15;1;10239314981;S
20240430;095939;583.15;17;10239314982;S
20240430;095939;583.15;17;10239314983;S
20240430;095939;583.15;50;10239314984;S
20240430;095939;583.15;6;10239314985;S
20240430;095939;583.15;6;10239314986;S
20240430;095939;583.15;3;10239314987;S
20240430;095939;583.15;325;10239314988;S
20240430;095939;583.15;342;10239314989;B
20240430;095939;583.15;2;10239314990;S
20240430;095939;583.15;50;10239314991;S
20240430;095939;583.15;343;10239314992;B
20240430;095939;583.15;343;10239314993;B
20240430;095939;583.15;343;10239314994;B
20240430;095939;583.15;343;10239314995;B
20240430;095939;583.15;268;10239314996;B
20240430;095939;583.15;1;10239314997;B
20240430;095939;583.15;10;10239314998;B
20240430;095939;583.15;1;10239314999;B
20240430;095939;583.15;11;10239315000;B
20240430;095939;583.15;50;10239315001;B
20240430;095939;583.15;2;10239315002;B
20240430;095939;583.15;343;10239315003;B
20240430;095939;583.15;1;10239315004;S
20240430;095939;583.15;1;10239315005;S
20240430;095939;583.15;20;10239315006;S
20240430;095939;583.15;1;10239315007;S
20240430;095939;583.15;1;10239315008;S
20240430;095939;583.15;343;10239315009;B
20240430;095939;583.15;288;10239315010;B
20240430;095939;583.15;10;10239315011;B
20240430;095939;583.15;45;10239315012;B
20240430;095939;583.15;55;10239315013;S
20240430;095939;583.15;1;10239315014;S
20240430;095939;583.15;10;10239315015;S
20240430;095939;583.15;1;10239315016;S
20240430;095939;583.15;29;10239315017;S
20240430;095939;583.15;2;10239315018;B
20240430;095939;583.15;1;10239315019;B
20240430;095939;583.15;38;10239315020;B
20240430;095939;583.15;1;10239315021;S
20240430;095939;583.15;1;10239315022;B
20240430;095939;583.15;5;10239315023;B
20240430;095939;583.15;1;10239315024;B
20240430;095939;583.15;2;10239315025;B
20240430;095939;583.15;1;10239315026;B
20240430;095939;583.15;1;10239315027;B
20240430;095939;583.15;2;10239315028;B
20240430;095939;583.15;2;10239315029;B
20240430;095939;583.15;1;10239315030;B
20240430;095939;583.15;2;10239315031;B
20240430;095939;583.15;1;10239315032;B
20240430;095939;583.15;1;10239315033;B
20240430;095939;583.15;1;10239315034;B
20240430;095939;583.15;2;10239315035;B
20240430;095939;583.15;2;10239315036;B
20240430;095939;583.15;3;10239315037;B
20240430;095939;583.15;2;10239315038;B
20240430;095939;583.15;2;10239315039;B
20240430;095939;583.15;2;10239315040;B
20240430;095939;583.15;2;10239315041;B
20240430;095939;583.15;268;10239315042;B
20240430;095939;583.15;2;10239315043;B
20240430;095939;583.15;1;10239315044;B
20240430;095939;583.15;1;10239315045;B
20240430;095939;583.15;1;10239315046;B
20240430;095939;583.15;1;10239315047;B
20240430;095939;583.15;1;10239315048;B
20240430;095939;583.15;2;10239315049;B
20240430;095939;583.15;5;10239315050;B
20240430;095939;583.15;1;10239315051;S
20240430;095939;583.15;1;10239315052;S
20240430;095939;583.15;1;10239315053;S
20240430;095939;583.15;20;10239315054;S
20240430;095939;583.15;1;10239315055;S
20240430;095939;583.15;21;10239315056;S
20240430;100000;583.15;358;10239318669;S
20240430;100000;583.15;1;10239318670;S
20240430;100000;583.15;2;10239318671;S
20240430;100000;583.15;1;10239318672;S
20240430;100000;583.15;2;10239318673;S
20240430;100000;583.15;22;10239318674;S
20240430;100000;583.2;100;10239318685;B
20240430;100000;583.2;200;10239318688;B
20240430;100000;583.2;43;10239318733;B
20240430;100000;583.2;3;10239318734;B
20240430;100001;583.35;42;10239320020;B
20240430;100004;583.35;2;10239321817;B
20240430;100004;583.3;2;10239321818;S
20240430;100004;583.3;1;10239321819;S
20240430;100004;583.35;1;10239321820;B
20240430;100004;583.35;1;10239321821;B
20240430;100005;583.3;1;10239322362;S
20240430;100005;583.25;1;10239322364;S
20240430;100005;583.25;1;10239322365;S
20240430;100005;583.35;2;10239322366;B
20240430;100005;583.35;1;10239322367;B
20240430;100005;583.35;5;10239322369;B
20240430;100005;583.35;1;10239322370;B
20240430;100005;583.35;330;10239322520;B
20240430;100005;583.35;1;10239322521;B
20240430;100005;583.35;57;10239322522;B
20240430;100005;583.35;1;10239322580;S
20240430;100005;583.35;2;10239322582;S
20240430;100005;583.4;1;10239322583;B
20240430;100005;583.4;1;10239322585;B
20240430;100005;583.4;1;10239322586;B
20240430;100005;583.4;3;10239322588;B
20240430;100005;583.35;10;10239322864;S
20240430;100005;583.35;1;10239322865;S
20240430;100005;583.4;1;10239322866;B
20240430;100005;583.4;1;10239322867;B
20240430;100005;583.4;1;10239322868;B
20240430;100005;583.35;4;10239323069;S
20240430;100006;583.35;1;10239323162;S
20240430;100006;583.35;2;10239323165;S
20240430;100006;583.35;2;10239323171;S
20240430;100006;583.35;1;10239323173;S
20240430;100006;583.35;1;10239323176;S
20240430;100006;583.4;1;10239323178;B
20240430;100006;583.4;8;10239323368;B
20240430;100006;583.4;36;10239323369;B
20240430;100006;583.4;1;10239324036;B
20240430;100006;583.4;1;10239324039;B
20240430;100006;583.35;1;10239324240;S
20240430;100006;583.4;3;10239324243;B
20240430;100006;583.35;2;10239324246;S
20240430;100006;583.4;2;10239324253;B
20240430;100006;583.4;1;10239324260;B
20240430;100006;583.35;2;10239324262;S
20240430;100006;583.35;2;10239324265;S
20240430;100006;583.35;3;10239324338;S
20240430;100006;583.35;8;10239324341;S
20240430;100006;583.35;1;10239324343;S
20240430;100006;583.35;2;10239324349;S
20240430;100006;583.4;2;10239324355;B
20240430;100006;583.4;1;10239324358;B
20240430;100006;583.4;2;10239324430;B
20240430;100006;583.35;3;10239324432;S
20240430;100006;583.4;2;10239324434;B
20240430;100006;583.4;33;10239324437;B
20240430;100006;583.35;2;10239324611;S
20240430;100006;583.4;2;10239324613;B
20240430;100006;583.35;2;10239324615;S
20240430;100006;583.4;2;10239324618;B
20240430;100006;583.35;1;10239324622;S
20240430;100006;583.35;1;10239324665;S
20240430;100006;583.35;2;10239324666;S
20240430;100006;583.4;1;10239324667;B
20240430;100006;583.35;2;10239324668;S
20240430;100006;583.4;1;10239324669;B
20240430;100006;583.4;1;10239324670;B
20240430;100006;583.35;1;10239324671;S
20240430;100007;583.35;1;10239324861;S
20240430;100007;583.4;2;10239325081;B
20240430;100007;583.35;2;10239325083;S
20240430;100007;583.35;30;10239325165;S
20240430;100007;583.35;1;10239325168;S
20240430;100007;583.4;1;10239325170;B
20240430;100007;583.4;1;10239325178;B
20240430;100007;583.4;1;10239325180;B
20240430;100007;583.35;4;10239325182;S
20240430;100007;583.4;1;10239325186;B
20240430;100007;583.35;1;10239325456;S
20240430;100007;583.4;1;10239325458;B
20240430;100007;583.35;3;10239325462;S
20240430;100007;583.35;1;10239325469;S
20240430;100007;583.4;200;10239325494;B
20240430;100007;583.35;2;10239325513;S
20240430;100007;583.35;1;10239325521;S
20240430;100007;583.4;60;10239325525;B
20240430;100007;583.35;2;10239325554;S
20240430;100007;583.35;4;10239325563;S
20240430;100007;583.35;2;10239325577;S
20240430;100007;583.4;2;10239325579;B
20240430;100007;583.4;2;10239325587;B
20240430;100007;583.4;2;10239325592;B
20240430;100007;583.35;5;10239325597;S
20240430;100007;583.4;1;10239325601;B
20240430;100007;583.35;9;10239325619;S
20240430;100007;583.4;2;10239325620;B
20240430;100007;583.35;1;10239325626;S
20240430;100007;583.4;1;10239325630;B
20240430;100007;583.4;1;10239325633;B
20240430;100007;583.4;1;10239325679;B
20240430;100007;583.4;2;10239325685;B
20240430;100007;583.35;2;10239325688;S
20240430;100007;583.35;1;10239325692;S
20240430;100007;583.4;1;10239325698;B
20240430;100007;583.4;1;10239325701;B
20240430;100007;583.35;2;10239325704;S
20240430;100007;583.35;2;10239325921;S
20240430;100007;583.35;1;10239325925;S
20240430;100007;583.4;1;10239325927;B
20240430;100007;583.35;1;10239325930;S
20240430;100007;583.35;1;10239325933;S
20240430;100007;583.4;10;10239325935;B
20240430;100007;583.4;24;10239325936;B
20240430;100008;583.4;1;10239326006;B
20240430;100008;583.4;50;10239326010;B
20240430;100008;583.35;1;10239326012;S
20240430;100008;583.3;1;10239326019;S
20240430;100008;583.3;2;10239326175;S
20240430;100008;583.35;2;10239326176;B
20240430;100008;583.35;1;10239326177;B
20240430;100008;583.3;20;10239326178;S
20240430;100008;583.25;2;10239326443;S
20240430;100008;583.25;1;10239326444;S
20240430;100008;583.35;1;10239326445;B
20240430;100008;583.25;1;10239326446;S
20240430;100008;583.25;2;10239326447;S
20240430;100009;583.35;1;10239326549;B
20240430;100010;583.3;27;10239326781;B
20240430;100010;583.3;48;10239326782;B
20240430;100010;583.25;1;10239327064;S
20240430;100012;583.35;200;10239327505;B
20240430;100012;583.35;100;10239327506;B
20240430;100018;583.35;51;10239328900;B
20240430;100018;583.35;129;10239328901;B
20240430;100020;583.3;171;10239329282;S
20240430;100020;583.3;29;10239329285;S
20240430;100020;583.3;171;10239329292;S
20240430;100020;583.3;29;10239329293;S
20240430;100020;583.3;171;10239329295;S
20240430;100020;583.3;1;10239329458;S
20240430;100020;583.35;256;10239329571;B
20240430;100020;583.35;44;10239329572;B
20240430;100022;583.3;26;10239330107;B
20240430;100022;583.3;171;10239330108;B
20240430;100022;583.3;3;10239330109;B
20240430;100024;583.35;2;10239330439;B
20240430;100026;583.3;50;10239330970;B
20240430;100026;583.3;171;10239330971;B
20240430;100026;583.3;385;10239330972;B
20240430;100026;583.3;44;10239330973;B
20240430;100027;583.3;6;10239331282;S
20240430;100030;583.3;1;10239332176;S
20240430;100030;583.35;1;10239332218;S
20240430;100031;583.45;10;10239332226;B
20240430;100032;583.3;1;10239332602;S
20240430;100032;583.3;6;10239332614;S
20240430;100032;583.3;114;10239332755;S
20240430;100032;583.3;34;10239332756;S
20240430;100032;583.25;45;10239332758;B
20240430;100032;583.25;55;10239332759;B
20240430;100032;583.25;48;10239332766;B
20240430;100032;583.2;154;10239332767;S
20240430;100032;583.2;20;10239332768;S
20240430;100032;583.15;78;10239332769;S
20240430;100032;583.15;1;10239332770;S
20240430;100032;583.15;6;10239332771;S
20240430;100032;583.15;4;10239332772;S
20240430;100032;583.15;1;10239332773;S
20240430;100032;583.15;8;10239332774;S
20240430;100032;583.15;1;10239332775;S
20240430;100032;583.15;4;10239332776;S
20240430;100032;583.15;7;10239332777;S
20240430;100032;583.15;2;10239332778;S
20240430;100032;583.15;2;10239332779;S
20240430;100032;583.15;17;10239332780;S
20240430;100032;583.15;3;10239332781;S
20240430;100032;583.15;10;10239332782;S
20240430;100032;583.15;1;10239332783;S
20240430;100032;583.15;2;10239332784;S
20240430;100032;583.15;68;10239332785;S
20240430;100032;583.15;2;10239332786;S
20240430;100032;583.15;1;10239332787;S
20240430;100032;583.15;7;10239332788;S
20240430;100032;583.15;4;10239332789;S
20240430;100032;583.15;196;10239332790;S
20240430;100032;583.1;2;10239332792;S
20240430;100032;583.1;3;10239332793;S
20240430;100032;583.1;10;10239332794;S
20240430;100032;583.1;31;10239332796;S
20240430;100032;583.15;100;10239332797;B
20240430;100032;583.15;71;10239332818;B
20240430;100032;583.15;105;10239332819;B
20240430;100034;583.15;50;10239333280;B
20240430;100038;583.15;100;10239334064;B
20240430;100040;583.15;1;10239334476;B
20240430;100045;583.15;13;10239335547;B
20240430;100046;583.15;80;10239335760;B
20240430;100046;583.15;91;10239335772;B
20240430;100046;583.15;9;10239335773;B
20240430;100050;583.15;10;10239336554;B
20240430;100050;583.15;4;10239336557;B
20240430;100050;583.15;24;10239336642;B
20240430;100050;583.15;40;10239336643;B
20240430;100050;583.15;2;10239336716;B
20240430;100050;583.15;186;10239336745;B
20240430;100050;583.15;114;10239336746;B
20240430;100056;583.15;5;10239338316;B
20240430;100057;583.15;25;10239338546;B
20240430;100058;583.15;27;10239338604;B
20240430;100058;583.15;1;10239338721;S
20240430;100059;583.2;72;10239338821;B
20240430;100100;583.2;50;10239338952;B
20240430;100100;583.2;49;10239339171;B
20240430;100100;583.2;1;10239339172;B
20240430;100100;583.2;1;10239339173;B
20240430;100100;583.25;149;10239339174;B
20240430;100104;583.2;1;10239339739;B
20240430;100105;583.2;2;10239340032;B
20240430;100106;583.2;50;10239340081;B
20240430;100106;583.15;2;10239340099;S
20240430;100108;583.2;50;10239340433;B
20240430;100108;583.15;1;10239340489;S
20240430;100111;583.15;3;10239340926;S
20240430;100111;583.2;2;10239340932;B
20240430;100112;583.2;9;10239341123;B
20240430;100112;583.2;50;10239341153;B
20240430;100114;583.2;3;10239341527;B
20240430;100115;583.2;1;10239341620;B
20240430;100115;583.2;3;10239341735;B
20240430;100116;583.2;171;10239341801;B
20240430;100116;583.25;34;10239341802;B
20240430;100117;583.35;100;10239341994;B
20240430;100117;583.35;10;10239342129;B
20240430;100118;583.3;1;10239342336;S
20240430;100119;583.35;1;10239342446;S
20240430;100120;583.35;5;10239342529;S
20240430;100123;583.35;17;10239343144;S
20240430;100123;583.35;4;10239343204;S
20240430;100124;583.4;1;10239343255;B
20240430;100124;583.4;4;10239343256;B
20240430;100125;583.45;2;10239343566;B
20240430;100126;583.4;7;10239343669;S
20240430;100126;583.45;1;10239343722;B
20240430;100127;583.4;2;10239343778;S
20240430;100127;583.4;2;10239343863;S
20240430;100128;583.45;100;10239343966;B
20240430;100129;583.45;68;10239344167;B
20240430;100129;583.45;32;10239344168;B
20240430;100131;583.45;18;10239344400;B
20240430;100131;583.45;2;10239344576;B
20240430;100132;583.4;1;10239344668;S
20240430;100133;583.45;1;10239344775;B
20240430;100136;583.4;19;10239345184;S
20240430;100137;583.4;173;10239345306;S
20240430;100137;583.4;99;10239345307;S
20240430;100137;583.4;100;10239345308;S
20240430;100137;583.4;20;10239345309;S
20240430;100138;583.35;4;10239345618;S
20240430;100139;583.4;50;10239345690;B
20240430;100140;583.35;1;10239345814;S
20240430;100140;583.4;20;10239345828;B
20240430;100141;583.4;1;10239345953;B
20240430;100142;583.4;1;10239346027;B
20240430;100142;583.4;1;10239346084;B
20240430;100143;583.4;35;10239346346;B
20240430;100143;583.4;31;10239346347;B
20240430;100143;583.4;1;10239346348;B
20240430;100143;583.4;45;10239346349;B
20240430;100143;583.5;1;10239346350;B
20240430;100143;583.5;13;10239346351;B
20240430;100143;583.5;171;10239346352;B
20240430;100143;583.5;10;10239346353;B
20240430;100143;583.5;43;10239346354;B
20240430;100144;583.45;43;10239346468;S
20240430;100144;583.4;12;10239346469;S
20240430;100151;583.45;5;10239347642;B
20240430;100152;583.45;7;10239347778;B
20240430;100155;583.4;20;10239348260;S
20240430;100155;583.4;2;10239348261;S
20240430;100157;583.35;22;10239348623;S
20240430;100158;583.35;1;10239348745;B
20240430;100202;583.35;1;10239349262;B
20240430;100202;583.35;10;10239349264;B
20240430;100205;583.4;1;10239349822;B
20240430;100209;583.35;8;10239350318;S
20240430;100212;583.35;1;10239350653;B
20240430;100212;583.3;11;10239350705;S
20240430;100217;583.3;24;10239351418;B
20240430;100217;583.3;1;10239351419;B
20240430;100217;583.35;45;10239351420;S
20240430;100217;583.45;1;10239351437;B
20240430;100217;583.5;39;10239351438;B
20240430;100217;583.55;100;10239351439;B
20240430;100218;583.5;60;10239351686;S
20240430;100218;583.45;4;10239351687;S
20240430;100219;583.55;24;10239351821;B
20240430;100219;583.6;6;10239351822;B
20240430;100219;583.6;1;10239351851;B
20240430;100220;583.55;8;10239352021;S
20240430;100222;583.55;7;10239352264;S
20240430;100223;583.6;1;10239352402;B
20240430;100225;583.6;2;10239352579;B
20240430;100227;583.6;3;10239352831;B
20240430;100229;583.65;1;10239353005;B
20240430;100231;583.65;1;10239353232;B
20240430;100234;583.65;33;10239353559;B
20240430;100235;583.6;1;10239353601;S
20240430;100235;583.6;69;10239353669;S
20240430;100235;583.6;86;10239353670;S
20240430;100235;583.6;1;10239353684;S
20240430;100235;583.6;1;10239353685;S
20240430;100236;583.65;75;10239353785;B
20240430;100240;583.65;2;10239354347;B
20240430;100241;583.65;3;10239354488;B
20240430;100241;583.6;8;10239354492;S
20240430;100243;583.65;24;10239354703;B
20240430;100244;583.6;100;10239354798;S
20240430;100244;583.6;1;10239354931;S
20240430;100245;583.6;2;10239355064;S
20240430;100245;583.65;1;10239355086;B
20240430;100246;583.65;10;10239355148;B
20240430;100247;583.6;1;10239355349;S
20240430;100250;583.6;3;10239355684;S
20240430;100250;583.6;212;10239355776;S
20240430;100250;583.6;171;10239355777;S
20240430;100250;583.6;6;10239355778;S
20240430;100250;583.55;39;10239355779;S
20240430;100250;583.55;1;10239355780;S
20240430;100250;583.45;34;10239355781;S
20240430;100250;583.45;137;10239355782;S
20240430;100250;583.6;1;10239355801;B
20240430;100251;583.4;3;10239355888;S
20240430;100252;583.45;1;10239356099;B
20240430;100253;583.45;11;10239356166;B
20240430;100253;583.6;12;10239356167;B
20240430;100253;583.6;2;10239356168;B
20240430;100300;583.5;1;10239357002;B
20240430;100300;583.6;1;10239357003;B
20240430;100306;583.45;3;10239358261;B
20240430;100311;583.4;4;10239358906;S
20240430;100311;583.45;13;10239358967;B
20240430;100311;583.6;37;10239358968;B
20240430;100318;583.55;2;10239360581;B
20240430;100320;583.4;1;10239360940;S
20240430;100320;583.35;1;10239360941;S
20240430;100328;583.4;100;10239362054;B
20240430;100328;583.4;1;10239362154;B
20240430;100337;583.35;1;10239363515;S
20240430;100338;583.4;85;10239363657;B
20240430;100341;583.4;2;10239364090;B
20240430;100341;583.35;2;10239364099;S
20240430;100342;583.4;1;10239364298;B
20240430;100343;583.35;2;10239364535;S
20240430;100344;583.4;5;10239364627;B
20240430;100344;583.35;12;10239364730;S
20240430;100347;583.35;2;10239365093;S
20240430;100348;583.35;22;10239365236;S
20240430;100349;583.35;1;10239365282;S
20240430;100350;583.4;6;10239365496;B
20240430;100350;583.4;2;10239365497;B
20240430;100351;583.4;26;10239365525;B
20240430;100352;583.35;2;10239365826;S
20240430;100353;583.4;2;10239365943;B
20240430;100354;583.35;1;10239366058;S
20240430;100355;583.35;20;10239366177;S
20240430;100359;583.35;16;10239366831;S
20240430;100400;583.4;61;10239367066;B
20240430;100400;583.35;80;10239367183;S
20240430;100401;583.35;100;10239367240;S
20240430;100401;583.35;100;10239367250;S
20240430;100401;583.4;2;10239367265;B
20240430;100401;583.35;68;10239367285;S
20240430;100401;583.35;1;10239367286;S
20240430;100402;583.35;59;10239367496;B
20240430;100402;583.35;71;10239367497;B
20240430;100402;583.3;50;10239367498;S
20240430;100402;583.3;20;10239367499;S
20240430;100402;583.3;2;10239367552;B
20240430;100403;583.25;2;10239367618;S
20240430;100403;583.2;100;10239367657;S
20240430;100403;583.2;100;10239367716;S
20240430;100404;583.2;100;10239367741;S
20240430;100405;583.25;1;10239368054;B
20240430;100406;583.25;100;10239368093;B
20240430;100406;583.2;52;10239368180;S
20240430;100407;583.2;477;10239368251;S
20240430;100407;583.2;50;10239368252;S
20240430;100407;583.2;385;10239368253;S
20240430;100407;583.15;10;10239368254;S
20240430;100407;583.15;125;10239368255;S
20240430;100407;583.15;30;10239368256;S
20240430;100407;583.1;2;10239368257;S
20240430;100407;583.1;11;10239368258;S
20240430;100407;583.1;100;10239368259;S
20240430;100407;583.1;44;10239368260;S
20240430;100407;583.05;1;10239368261;S
20240430;100407;583.05;173;10239368262;S
20240430;100407;583;1;10239368263;S
20240430;100407;583;3;10239368264;S
20240430;100407;583;65;10239368265;S
20240430;100407;583;5;10239368266;S
20240430;100407;583;1;10239368267;S
20240430;100407;583;2;10239368268;S
20240430;100407;583;10;10239368269;S
20240430;100407;583;1750;10239368270;S
20240430;100407;583;8;10239368271;S
20240430;100407;583;34;10239368272;S
20240430;100407;582.95;1;10239368273;S
20240430;100407;582.85;2;10239368274;S
20240430;100407;582.85;30;10239368275;S
20240430;100407;582.8;10;10239368276;S
20240430;100407;582.8;1000;10239368277;S
20240430;100407;582.75;1;10239368278;S
20240430;100407;582.7;2;10239368279;S
20240430;100407;582.7;300;10239368280;S
20240430;100407;582.7;1000;10239368281;S
20240430;100407;582.7;171;10239368282;S
20240430;100407;582.65;171;10239368283;S
20240430;100407;582.6;171;10239368284;S
20240430;100407;582.55;1;10239368285;S
20240430;100407;582.55;34;10239368286;S
20240430;100407;582.55;160;10239368287;S
20240430;100407;582.5;9;10239368288;S
20240430;100407;582.5;18;10239368289;S
20240430;100407;582.5;1;10239368290;S
20240430;100407;582.5;17;10239368291;S
20240430;100407;582.5;1;10239368292;S
20240430;100407;582.4;2;10239368293;S
20240430;100407;582.4;2;10239368294;S
20240430;100407;582.4;1;10239368295;S
20240430;100407;582.4;30;10239368296;S
20240430;100407;582.25;1;10239368297;S
20240430;100407;582.25;40;10239368298;S
20240430;100407;582.2;111;10239368299;S
20240430;100407;582.1;496;10239368300;S
20240430;100407;582.05;1;10239368301;S
20240430;100407;582.05;50;10239368302;S
20240430;100407;582.05;5;10239368303;S
20240430;100407;582.05;515;10239368304;S
20240430;100407;582;10;10239368305;S
20240430;100407;582;2;10239368306;S
20240430;100407;582;3;10239368307;S
20240430;100407;582;10;10239368308;S
20240430;100407;582;1;10239368309;S
20240430;100407;582;34;10239368310;S
20240430;100407;582;550;10239368311;S
20240430;100407;582;1;10239368312;S
20240430;100407;582;1;10239368313;S
20240430;100407;582;100;10239368314;S
20240430;100407;582;118;10239368315;S
20240430;100407;582;1;10239368316;S
20240430;100407;581.9;2;10239368317;S
20240430;100407;581.85;2;10239368318;S
20240430;100407;581.85;524;10239368319;S
20240430;100407;582;100;10239368320;S
20240430;100407;582.05;100;10239368321;B
20240430;100407;582.25;42;10239368324;B
20240430;100407;582.25;18;10239368326;S
20240430;100407;582.55;15;10239368337;B
20240430;100407;582.55;1;10239368343;B
20240430;100408;582.5;5;10239368477;S
20240430;100408;582.5;20;10239368481;S
20240430;100408;582.5;12;10239368488;S
20240430;100410;582.5;1;10239368826;S
20240430;100411;582.5;4;10239368896;S
20240430;100411;582.55;10;10239368912;B
20240430;100412;582.6;1;10239369048;B
20240430;100413;582.5;5;10239369116;S
20240430;100417;582.6;8;10239370150;B
20240430;100417;582.6;2;10239370151;B
20240430;100419;582.55;10;10239370601;S
20240430;100421;582.5;3;10239370840;S
20240430;100421;582.4;4;10239370841;S
20240430;100424;582.5;1;10239371401;B
20240430;100425;582.5;3;10239371530;B
20240430;100425;582.55;4;10239371537;B
20240430;100425;582.6;11;10239371538;B
20240430;100428;582.65;20;10239371913;B
20240430;100433;582.65;50;10239372515;S
20240430;100434;582.65;1;10239372654;S
20240430;100435;582.7;9;10239372767;B
20240430;100438;582.8;1;10239373178;B
20240430;100441;582.65;1;10239373536;S
20240430;100450;582.7;1;10239375337;B
20240430;100454;582.7;5;10239376092;B
20240430;100454;582.65;10;10239376093;S
20240430;100455;582.6;42;10239376173;S
20240430;100455;582.6;10;10239376174;S
20240430;100455;582.6;4;10239376188;B
20240430;100458;582.6;2;10239376564;B
20240430;100503;582.5;40;10239377482;S
20240430;100503;582.5;81;10239377483;S
20240430;100503;582.5;119;10239377484;S
20240430;100503;582.5;10;10239377485;S
20240430;100504;582.5;1;10239377557;B
20240430;100505;582.5;30;10239377667;B
20240430;100507;582.5;3;10239377946;B
20240430;100512;582.5;1;10239379152;B
20240430;100521;582.5;12;10239380254;B
20240430;100522;582.35;44;10239380389;S
20240430;100522;582.3;1;10239380390;S
20240430;100522;582.3;1;10239380391;S
20240430;100522;582.3;27;10239380392;S
20240430;100528;582.45;2;10239381039;B
20240430;100529;582.45;1;10239381171;B
20240430;100531;582.45;1;10239381383;B
20240430;100532;582.45;1;10239381788;B
20240430;100538;582.45;2;10239382515;B
20240430;100539;582.35;98;10239382652;S
20240430;100539;582.35;171;10239382653;S
20240430;100539;582.35;45;10239382654;S
20240430;100539;582.3;1;10239382684;S
20240430;100539;582.3;1;10239382761;S
20240430;100539;582.3;2;10239382762;S
20240430;100540;582.3;3;10239382797;S
20240430;100540;582.3;4;10239382798;S
20240430;100541;582.3;9;10239382988;S
20240430;100541;582.25;10;10239382989;S
20240430;100541;582.25;1;10239382990;S
20240430;100541;582.2;18;10239383040;S
20240430;100542;582.2;20;10239383337;S
20240430;100542;582.2;28;10239383338;S
20240430;100542;582.2;103;10239383339;S
20240430;100542;582.2;1;10239383346;S
20240430;100542;582.2;1;10239383347;S
20240430;100542;582.2;4;10239383348;S
20240430;100542;582.2;1;10239383349;S
20240430;100542;582.2;1;10239383350;S
20240430;100542;582.2;2;10239383351;S
20240430;100543;582.2;2;10239383374;S
20240430;100543;582.2;1;10239383381;S
20240430;100543;582.2;1;10239383382;S
20240430;100543;582.2;2;10239383383;S
20240430;100543;582.2;1;10239383393;S
20240430;100543;582.2;3;10239383394;S
20240430;100543;582.2;2;10239383486;S
20240430;100543;582.2;5;10239383487;S
20240430;100543;582.2;2;10239383488;S
20240430;100544;582.2;2;10239383516;S
20240430;100544;582.2;1;10239383631;S
20240430;100546;582.3;1;10239383812;B
20240430;100547;582.3;1;10239384031;B
20240430;100547;582.15;90;10239384075;S
20240430;100547;582.15;1;10239384076;S
20240430;100551;582.15;1;10239384526;S
20240430;100551;582.15;73;10239384527;S
20240430;100551;582.3;1;10239384620;B
20240430;100554;582.3;1;10239385066;B
20240430;100556;582.15;1;10239385419;S
20240430;100600;582.3;33;10239385858;B
20240430;100600;582.35;37;10239385859;B
20240430;100600;582.35;173;10239385860;B
20240430;100600;582.35;8;10239385899;S
20240430;100604;582.5;1;10239386349;B
20240430;100605;582.35;35;10239386460;S
20240430;100605;582.4;1;10239386513;B
20240430;100606;582.35;16;10239386767;S
20240430;100607;582.35;72;10239386773;S
20240430;100607;582.35;26;10239386774;S
20240430;100607;582.3;1;10239386790;B
20240430;100608;582.25;300;10239386873;S
20240430;100608;582.25;171;10239386874;S
20240430;100608;582.25;34;10239386875;S
20240430;100608;582.25;1;10239386996;B
20240430;100609;582.2;94;10239386997;S
20240430;100609;582.2;77;10239386998;S
20240430;100610;582.15;5;10239387122;S
20240430;100610;582.15;1;10239387123;S
20240430;100610;582.15;5;10239387124;S
20240430;100610;582.2;1;10239387192;B
20240430;100612;582.15;15;10239387463;S
20240430;100614;582.2;7;10239387846;B
20240430;100614;582.2;10;10239387857;B
20240430;100615;582.2;1;10239387983;B
20240430;100617;582.2;1;10239388160;B
20240430;100619;582.2;1;10239388397;B
20240430;100620;582.2;9;10239388508;B
20240430;100620;582.2;12;10239388515;B
20240430;100620;582.2;8;10239388516;B
20240430;100620;582.15;1;10239388558;S
20240430;100621;582.2;2;10239388598;B
20240430;100622;582.15;13;10239388704;S
20240430;100622;582.15;68;10239388705;S
20240430;100622;582.15;3;10239388706;S
20240430;100622;582.15;171;10239388707;S
20240430;100623;582.1;171;10239388801;S
20240430;100623;582.05;2;10239388857;S
20240430;100624;582.05;39;10239388926;S
20240430;100624;582.1;1;10239388948;B
20240430;100626;582.1;172;10239389177;B
20240430;100626;582.15;122;10239389178;B
20240430;100627;582.2;206;10239389290;B
20240430;100627;582.15;1;10239389316;B
20240430;100628;582.2;1;10239389520;B
20240430;100630;582.15;9;10239389811;S
20240430;100630;582.15;20;10239389829;S
20240430;100630;582.2;1;10239389842;B
20240430;100632;582.2;30;10239390029;B
20240430;100633;582.15;5;10239390113;S
20240430;100633;582.1;15;10239390114;S
20240430;100633;582.2;50;10239390198;B
20240430;100634;582.1;37;10239390208;S
20240430;100637;582.1;893;10239390587;B
20240430;100638;582.2;2;10239390722;B
20240430;100643;582.1;2;10239391244;S
20240430;100647;582.1;11;10239391726;S
20240430;100651;582.2;2;10239392210;B
20240430;100654;582.2;100;10239392620;B
20240430;100654;582.15;171;10239392676;S
20240430;100654;582.15;19;10239392677;S
20240430;100657;582.15;2;10239393118;S
20240430;100659;582.15;16;10239393431;S
20240430;100703;582.15;8;10239393840;S
20240430;100709;582.2;1;10239394570;B
20240430;100710;582.15;7;10239394682;S
20240430;100710;582.15;12;10239394693;S
20240430;100712;582.15;7;10239395022;S
20240430;100713;582.2;1;10239395194;B
20240430;100715;582.2;1;10239395415;B
20240430;100716;582.2;3;10239395454;B
20240430;100716;582.2;3;10239395541;B
20240430;100716;582.2;5;10239395546;B
20240430;100720;582.15;30;10239396063;S
20240430;100722;582.2;5;10239396384;B
20240430;100729;582.2;1;10239397123;B
20240430;100729;582.2;67;10239397167;B
20240430;100731;582.2;1;10239397401;B
20240430;100733;582.2;20;10239397647;B
20240430;100735;582.15;5;10239397811;S
20240430;100735;582.2;1;10239397828;B
20240430;100736;582.15;5;10239397955;S
20240430;100737;582.2;10;10239398082;B
20240430;100745;582.2;30;10239399090;B
20240430;100747;582.2;5;10239399443;B
20240430;100749;582.2;3;10239399574;B
20240430;100749;582.15;5;10239399617;S
20240430;100750;582.2;1;10239399752;B
20240430;100751;582.2;1;10239399844;B
20240430;100754;582.15;5;10239400216;S
20240430;100754;582.2;7;10239400236;B
20240430;100757;582.15;81;10239400706;S
20240430;100759;582.15;4;10239400944;S
20240430;100803;582.2;1;10239401455;B
20240430;100810;582.2;13;10239402500;B
20240430;100810;582.2;45;10239402647;B
20240430;100812;582.2;40;10239402843;B
20240430;100814;582.2;1;10239403079;B
20240430;100816;582.2;7;10239403422;B
20240430;100817;582.2;200;10239403475;B
20240430;100823;582.2;135;10239404208;B
20240430;100823;582.2;29;10239404209;B
20240430;100824;582.2;50;10239404289;B
20240430;100825;582.15;2;10239404428;S
20240430;100825;582.15;1;10239404429;S
20240430;100826;582.2;1;10239404502;B
20240430;100830;582.15;30;10239404992;S
20240430;100832;582.2;1;10239405622;B
20240430;100833;582.15;7;10239405768;S
20240430;100838;582.2;1;10239406376;B
20240430;100838;582.2;1;10239406383;B
20240430;100840;582.2;500;10239406588;B
20240430;100840;582.2;417;10239406596;B
20240430;100840;582.2;1;10239406597;B
20240430;100840;582.2;27;10239406598;B
20240430;100840;582.2;15;10239406599;B
20240430;100840;582.25;34;10239406600;B
20240430;100840;582.25;2;10239406601;B
20240430;100840;582.25;4;10239406602;B
20240430;100840;582.25;6;10239406603;B
20240430;100842;582.25;1;10239406841;S
20240430;100843;582.3;2;10239406977;B
20240430;100846;582.3;6;10239407214;B
20240430;100846;582.3;3;10239407215;B
20240430;100855;582.4;1;10239408322;B
20240430;100857;582.4;1;10239408651;B
20240430;100901;582.4;10;10239408973;B
20240430;100906;582.35;91;10239409609;S
20240430;100906;582.35;133;10239409610;S
20240430;100909;582.35;1;10239410014;S
20240430;100910;582.35;3;10239410132;S
20240430;100912;582.4;24;10239410256;B
20240430;100913;582.5;1;10239410363;B
20240430;100916;582.45;20;10239410664;S
20240430;100916;582.45;7;10239410672;S
20240430;100916;582.45;1;10239410683;S
20240430;100919;582.5;1;10239411021;B
20240430;100919;582.6;10;10239411022;B
20240430;100919;582.65;4;10239411023;B
20240430;100919;582.7;5;10239411024;B
20240430;100919;582.7;5;10239411025;B
20240430;100919;582.75;5;10239411026;B
20240430;100919;582.75;4;10239411027;B
20240430;100919;582.8;5;10239411028;B
20240430;100919;582.8;52;10239411029;B
20240430;100919;582.85;254;10239411030;B
20240430;100919;582.9;43;10239411031;B
20240430;100919;582.9;300;10239411035;B
20240430;100920;582.95;10;10239411123;B
20240430;100920;582.95;483;10239411124;B
20240430;100931;582.95;13;10239412535;B
20240430;100935;582.95;133;10239412923;B
20240430;100946;582.95;1;10239414145;B
20240430;100948;582.95;200;10239414357;B
20240430;100948;582.95;1;10239414377;B
20240430;100951;582.95;1;10239414670;B
20240430;100952;582.95;25;10239414729;B
20240430;100953;582.9;1;10239414893;S
20240430;100954;582.9;9;10239414963;S
20240430;101003;582.95;5;10239416403;B
20240430;101004;582.95;5;10239416476;B
20240430;101004;582.9;1;10239416480;S
20240430;101004;582.95;1;10239416544;B
20240430;101007;582.95;132;10239416847;B
20240430;101007;582.95;7;10239416848;B
20240430;101007;583;1;10239416849;B
20240430;101007;583;1;10239416850;B
20240430;101007;583;3;10239416851;B
20240430;101007;583.05;54;10239416852;B
20240430;101007;583.05;62;10239416853;B
20240430;101009;583.2;2;10239416997;B
20240430;101010;583.1;7;10239417094;S
20240430;101010;583.1;24;10239417118;S
20240430;101012;583.2;1;10239417261;B
20240430;101015;583.2;1;10239417594;B
20240430;101017;583.2;2;10239417786;B
20240430;101020;583.2;1;10239418170;B
20240430;101021;583.2;1;10239418248;B
20240430;101023;583.2;1;10239418421;B
20240430;101026;583.15;1;10239418696;S
20240430;101028;583.15;2;10239418836;B
20240430;101028;583.15;2;10239418884;B
20240430;101029;583.1;5;10239418994;S
20240430;101031;583.15;1;10239419223;B
20240430;101031;583.1;7;10239419258;S
20240430;101032;583.1;2;10239419348;S
20240430;101033;583.1;180;10239419439;S
20240430;101039;583.1;1;10239420108;S
20240430;101039;583.15;2;10239420122;B
20240430;101041;583.1;19;10239420274;S
20240430;101043;583.1;3;10239420441;S
20240430;101046;583.1;1;10239420759;S
20240430;101046;583.1;151;10239420811;S
20240430;101046;583.1;4;10239420812;S
20240430;101046;583.1;3;10239420813;S
20240430;101046;583.05;34;10239420814;S
20240430;101046;582.95;55;10239420815;S
20240430;101046;582.9;100;10239420816;S
20240430;101046;582.9;1;10239420817;S
20240430;101046;582.85;173;10239420818;S
20240430;101046;582.8;3;10239420819;S
20240430;101046;582.8;375;10239420820;S
20240430;101046;582.75;171;10239420821;S
20240430;101046;582.75;90;10239420822;S
20240430;101048;582.95;1;10239420941;B
20240430;101049;582.9;25;10239421008;S
20240430;101049;582.7;34;10239421009;S
20240430;101049;582.7;55;10239421010;S
20240430;101049;582.65;171;10239421011;S
20240430;101049;582.65;68;10239421012;S
20240430;101053;582.85;2;10239421403;B
20240430;101058;582.85;32;10239422094;B
20240430;101058;582.85;3;10239422095;B
20240430;101059;582.85;6;10239422189;B
20240430;101100;582.85;22;10239422249;B
20240430;101117;582.85;1;10239424266;B
20240430;101118;582.7;2;10239424342;S
20240430;101126;582.85;3;10239425261;B
20240430;101130;582.85;1;10239425626;B
20240430;101130;582.85;53;10239425627;B
20240430;101130;582.9;30;10239425628;B
20240430;101134;582.85;53;10239426096;B
20240430;101134;582.85;37;10239426097;S
20240430;101142;582.95;3;10239427365;B
20240430;101202;582.9;2;10239429782;S
20240430;101202;582.95;10;10239429784;B
20240430;101204;583;18;10239430012;B
20240430;101207;582.95;1;10239430416;B
20240430;101207;582.9;1;10239430450;S
20240430;101211;582.9;97;10239430890;S
20240430;101211;582.85;3;10239430891;S
20240430;101220;582.85;1;10239432183;S
20240430;101221;582.85;2;10239432252;B
20240430;101222;582.8;20;10239432387;S
20240430;101222;582.85;1;10239432417;B
20240430;101235;582.85;3;10239433771;B
20240430;101239;582.85;1;10239434053;B
20240430;101241;582.85;165;10239434334;B
20240430;101241;582.85;173;10239434335;B
20240430;101241;582.85;51;10239434336;B
20240430;101241;582.85;96;10239434337;B
20240430;101254;582.9;1;10239435488;B
20240430;101259;582.85;2;10239435850;S
20240430;101300;582.9;160;10239436065;B
20240430;101301;582.85;1;10239436090;S
20240430;101301;582.9;3;10239436202;B
20240430;101302;582.85;4;10239436273;S
20240430;101302;582.9;1;10239436281;B
20240430;101302;582.9;3;10239436319;B
20240430;101304;582.9;24;10239436486;B
20240430;101305;582.85;1;10239436564;S
20240430;101306;582.9;4;10239436665;B
20240430;101306;582.85;16;10239436671;S
20240430;101307;582.85;2;10239436797;S
20240430;101308;582.9;2;10239436899;B
20240430;101309;582.9;1;10239437033;B
20240430;101309;582.9;251;10239437048;B
20240430;101309;582.9;200;10239437049;S
20240430;101309;582.9;2;10239437053;S
20240430;101310;582.95;1;10239437084;B
20240430;101310;582.95;1;10239437088;S
20240430;101314;583;1;10239437385;B
20240430;101315;582.95;9;10239437445;S
20240430;101317;583;2;10239437626;B
20240430;101318;582.95;5;10239437722;S
20240430;101318;582.95;17;10239437730;S
20240430;101320;582.95;1;10239437865;S
20240430;101323;582.95;22;10239438201;S
20240430;101329;582.95;10;10239438853;B
20240430;101334;582.95;7;10239439401;B
20240430;101334;582.95;1;10239439405;B
20240430;101337;582.95;46;10239439753;B
20240430;101337;582.95;4;10239439754;B
20240430;101338;582.9;10;10239439801;S
20240430;101338;583;30;10239439830;B
20240430;101339;582.9;12;10239439935;S
20240430;101344;582.9;1;10239440471;S
20240430;101344;582.95;2;10239440496;B
20240430;101345;582.9;1;10239440658;S
20240430;101352;582.9;28;10239441323;S
20240430;101352;582.9;96;10239441405;S
20240430;101353;582.95;50;10239441476;B
20240430;101354;582.95;74;10239441519;B
20240430;101356;582.9;2;10239441684;S
20240430;101356;583;3;10239441713;B
20240430;101359;582.95;2;10239442076;B
20240430;101359;582.9;6;10239442083;S
20240430;101400;582.9;3;10239442141;S
20240430;101400;582.9;50;10239442185;S
20240430;101403;582.9;70;10239442463;S
20240430;101404;582.9;3;10239442586;S
20240430;101406;582.95;1;10239442739;B
20240430;101410;582.9;1;10239443367;S
20240430;101413;582.95;1;10239443623;B
20240430;101414;582.9;264;10239443842;S
20240430;101414;582.9;1;10239443843;S
20240430;101414;582.9;1;10239443844;S
20240430;101414;582.9;1;10239443845;S
20240430;101414;582.9;1;10239443846;S
20240430;101414;582.85;489;10239443847;S
20240430;101414;582.85;1;10239443848;S
20240430;101414;582.8;1;10239443849;S
20240430;101414;582.8;34;10239443850;S
20240430;101414;582.8;53;10239443851;S
20240430;101414;582.8;7;10239443852;S
20240430;101419;582.8;3;10239444653;S
20240430;101419;582.75;907;10239444654;S
20240430;101432;582.75;1;10239445927;S
20240430;101433;582.75;7;10239446002;S
20240430;101434;582.8;1;10239446145;S
20240430;101452;582.9;3;10239447998;B
20240430;101457;582.9;2;10239448344;B
20240430;101458;582.9;3;10239448542;B
20240430;101459;582.8;3;10239448604;S
20240430;101459;582.75;3;10239448605;S
20240430;101506;582.9;3;10239449414;B
20240430;101509;582.75;6;10239449736;S
20240430;101510;582.9;1;10239449828;B
20240430;101511;582.9;13;10239450267;B
20240430;101525;582.9;3;10239452863;B
20240430;101526;582.8;4;10239453098;S
20240430;101534;582.75;1;10239454630;S
20240430;101545;582.85;4;10239456336;B
20240430;101545;582.8;1;10239456341;S
20240430;101552;582.8;1;10239457049;S
20240430;101552;582.75;299;10239457050;S
20240430;101553;582.75;8;10239457242;S
20240430;101555;582.8;1;10239457423;B
20240430;101557;582.75;300;10239457607;S
20240430;101557;582.75;468;10239457608;S
20240430;101557;582.75;1;10239457609;S
20240430;101557;582.75;2;10239457610;S
20240430;101557;582.75;25;10239457611;S
20240430;101557;582.75;4;10239457612;S
20240430;101557;582.75;7;10239457613;S
20240430;101557;582.75;2;10239457614;S
20240430;101557;582.75;1;10239457615;S
20240430;101557;582.75;1;10239457636;B
20240430;101557;582.75;1;10239457637;B
20240430;101559;582.75;1;10239457964;B
20240430;101600;582.75;1;10239458067;B
20240430;101600;582.75;1;10239458085;B
20240430;101601;582.75;1;10239458139;B
20240430;101603;582.75;1;10239458400;B
20240430;101604;582.7;1;10239458500;S
20240430;101604;582.75;1;10239458550;B
20240430;101604;582.75;1;10239458573;B
20240430;101604;582.7;1;10239458588;S
20240430;101605;582.75;89;10239458651;B
20240430;101607;582.75;1;10239458816;B
20240430;101607;582.75;5;10239458842;B
20240430;101611;582.7;21;10239459255;S
20240430;101611;582.7;3;10239459256;S
20240430;101611;582.7;2;10239459257;S
20240430;101611;582.6;10;10239459258;S
20240430;101611;582.6;16;10239459259;S
20240430;101613;582.7;7;10239459506;B
20240430;101624;582.7;10;10239460923;B
20240430;101625;582.6;2;10239460977;S
20240430;101628;582.65;6;10239461254;B
20240430;101628;582.6;1;10239461326;S
20240430;101629;582.65;1;10239461480;B
20240430;101630;582.65;1;10239461535;B
20240430;101630;582.65;1;10239461605;B
20240430;101631;582.65;6;10239461753;B
20240430;101632;582.65;2;10239461818;B
20240430;101632;582.6;18;10239461906;S
20240430;101634;582.65;1;10239462315;B
20240430;101635;582.65;2;10239462454;B
20240430;101639;582.65;10;10239462840;B
20240430;101642;582.65;11;10239463303;B
20240430;101642;582.65;1;10239463375;B
20240430;101643;582.6;1;10239463545;S
20240430;101646;582.7;2;10239463856;B
20240430;101652;582.65;1;10239464693;B
20240430;101653;582.65;1;10239464708;B
20240430;101653;582.6;3;10239464718;S
20240430;101653;582.6;1;10239464719;S
20240430;101653;582.55;1;10239464734;S
20240430;101704;582.5;68;10239465991;S
20240430;101705;582.65;1;10239466065;B
20240430;101711;582.65;2;10239466798;B
20240430;101711;582.5;1;10239466829;S
20240430;101712;582.65;1;10239466914;B
20240430;101712;582.65;10;10239466924;B
20240430;101714;582.65;1;10239467092;B
20240430;101737;582.65;1;10239469461;B
20240430;101743;582.55;2;10239469910;S
20240430;101751;582.55;2;10239470803;B
20240430;101753;582.5;33;10239470964;S
20240430;101753;582.55;23;10239470969;B
20240430;101753;582.65;11;10239470970;B
20240430;101757;582.5;120;10239471323;S
20240430;101757;582.5;1;10239471324;S
20240430;101757;582.5;179;10239471325;S
20240430;101757;582.5;186;10239471326;S
20240430;101757;582.5;300;10239471327;S
20240430;101757;582.65;8;10239471341;B
20240430;101757;582.65;57;10239471342;B
20240430;101757;582.65;173;10239471343;B
20240430;101757;582.7;271;10239471344;B
20240430;101757;582.5;10;10239471370;S
20240430;101759;582.7;1;10239471568;B
20240430;101801;582.7;32;10239471795;B
20240430;101801;582.7;1;10239471796;B
20240430;101803;582.65;10;10239471964;S
20240430;101806;582.65;4;10239472328;S
20240430;101806;582.65;2;10239472402;S
20240430;101809;582.7;1;10239472618;B
20240430;101810;582.65;3;10239472741;S
20240430;101811;582.7;6;10239472806;B
20240430;101811;582.65;1;10239472829;S
20240430;101813;582.7;1;10239473024;B
20240430;101814;582.65;1;10239473136;S
20240430;101816;582.7;28;10239473272;B
20240430;101817;582.65;2;10239473342;S
20240430;101817;582.65;18;10239473353;S
20240430;101819;582.6;2;10239473685;S
20240430;101821;582.7;4;10239473902;B
20240430;101824;582.6;1;10239474209;S
20240430;101831;582.65;1;10239474828;S
20240430;101832;582.65;500;10239474873;S
20240430;101834;582.65;6;10239475013;S
20240430;101834;582.65;4;10239475020;S
20240430;101835;582.65;20;10239475171;S
20240430;101835;582.7;1;10239475205;B
20240430;101839;582.7;1;10239475540;B
20240430;101840;582.7;3;10239475587;B
20240430;101842;582.65;1;10239475804;S
20240430;101844;582.65;17;10239476040;S
20240430;101845;582.7;1;10239476067;B
20240430;101846;582.65;26;10239476213;S
20240430;101848;582.65;72;10239476542;S
20240430;101853;582.65;8;10239477028;S
20240430;101857;582.7;2;10239477369;B
20240430;101858;582.65;35;10239477463;S
20240430;101905;582.7;1;10239478031;B
20240430;101906;582.7;3;10239478096;B
20240430;101908;582.7;500;10239478267;B
20240430;101910;582.7;1;10239478495;B
20240430;101912;582.7;10;10239478966;B
20240430;101912;582.7;1;10239479058;B
20240430;101915;582.65;2;10239479649;S
20240430;101915;582.65;123;10239479650;S
20240430;101922;582.7;25;10239480565;B
20240430;101925;582.7;40;10239480853;B
20240430;101926;582.7;30;10239480888;B
20240430;101928;582.7;1;10239481119;B
20240430;101929;582.7;1;10239481212;B
20240430;101930;582.7;95;10239481257;B
20240430;101930;582.7;74;10239481258;B
20240430;101930;582.7;18;10239481259;B
20240430;101930;582.75;1;10239481260;B
20240430;101930;582.85;65;10239481261;B
20240430;101930;582.9;1;10239481262;B
20240430;101930;582.9;3;10239481263;B
20240430;101930;582.9;173;10239481264;B
20240430;101930;582.95;20;10239481265;B
20240430;101930;582.95;171;10239481266;B
20240430;101930;582.95;10;10239481267;B
20240430;101930;582.95;314;10239481268;B
20240430;101930;583;10;10239481269;B
20240430;101930;583;30;10239481270;B
20240430;101930;583;77;10239481271;B
20240430;101930;583;953;10239481272;B
20240430;101930;583;171;10239481273;B
20240430;101930;583;386;10239481274;B
20240430;101930;583.05;2428;10239481275;B
20240430;101931;583.05;1;10239481427;B
20240430;101942;583.05;1;10239482734;B
20240430;101943;583.05;4;10239482841;B
20240430;101943;583;1;10239482860;S
20240430;101943;583;73;10239482861;S
20240430;101943;583;173;10239482862;S
20240430;101943;582.9;43;10239482863;S
20240430;101943;582.85;41;10239482864;S
20240430;101943;582.85;160;10239482865;S
20240430;101943;582.85;9;10239482866;S
20240430;101946;582.85;107;10239483084;S
20240430;101948;583;41;10239483203;B
20240430;101948;583.05;4959;10239483204;B
20240430;101949;583.05;1;10239483328;B
20240430;101958;583.05;705;10239484063;B
20240430;101958;583.05;116;10239484064;B
20240430;101958;583.05;5;10239484065;B
20240430;101958;583.2;17;10239484087;B
20240430;102002;583.15;1;10239484358;S
20240430;102002;583.15;1;10239484359;S
20240430;102002;583.05;2;10239484387;S
20240430;102007;583.2;4;10239484847;B
20240430;102007;583.2;16;10239484848;B
20240430;102007;583.2;1;10239484884;B
20240430;102013;583.2;9;10239485365;B
20240430;102014;583.2;2;10239485537;B
20240430;102016;583.2;2;10239485697;B
20240430;102017;583.2;2;10239485768;B
20240430;102019;583.15;173;10239487913;S
20240430;102019;583.15;1;10239487914;S
20240430;102019;583.15;52;10239487915;S
20240430;102019;583.15;1;10239487916;S
20240430;102019;583.15;63;10239487917;S
20240430;102019;583.1;9;10239487918;S
20240430;102019;583.05;288;10239487919;S
20240430;102019;583.05;172;10239487920;S
20240430;102019;583.05;1;10239487921;S
20240430;102019;583.05;2491;10239487922;S
20240430;102019;583.05;385;10239487923;S
20240430;102019;583;750;10239487924;S
20240430;102019;583;69;10239487925;S
20240430;102019;583;160;10239487926;S
20240430;102019;583;171;10239487927;S
20240430;102019;583;38;10239487928;S
20240430;102019;583;126;10239487929;B
20240430;102019;583;50;10239487930;B
20240430;102023;583.2;18;10239490556;B
20240430;102023;583.2;1;10239490557;B
20240430;102023;583.2;12;10239490558;B
20240430;102023;583.25;1;10239490562;B
20240430;102025;583.25;1;10239491292;B
20240430;102026;583.15;52;10239491820;S
20240430;102026;583.15;1;10239491821;S
20240430;102026;583.1;173;10239491822;S
20240430;102026;583.05;71;10239491823;S
20240430;102026;583;20;10239491824;S
20240430;102026;583;85;10239491825;S
20240430;102026;583;172;10239491826;S
20240430;102026;583;26;10239491827;S
20240430;102027;583.25;2;10239492835;B
20240430;102030;583.25;3;10239493533;B
20240430;102032;583.2;1;10239494072;S
20240430;102033;583.15;52;10239495097;S
20240430;102033;583.15;1;10239495098;S
20240430;102033;583.05;71;10239495099;S
20240430;102033;583;352;10239495100;S
20240430;102033;583;172;10239495101;S
20240430;102033;583;52;10239495102;B
20240430;102033;583;1;10239495103;B
20240430;102033;583;52;10239495106;B
20240430;102033;583;1;10239495107;B
20240430;102033;583;52;10239495117;B
20240430;102033;583;1;10239495119;B
20240430;102033;583;52;10239495126;B
20240430;102033;583;1;10239495129;B
20240430;102033;583;52;10239495131;B
20240430;102033;583;52;10239495150;B
20240430;102033;583;48;10239495157;B
20240430;102043;583;1;10239497512;B
20240430;102046;583;1;10239499140;B
20240430;102046;582.9;1;10239499206;S
20240430;102047;583;2;10239500281;B
20240430;102048;582.95;172;10239500462;B
20240430;102048;582.95;128;10239500463;B
20240430;102053;582.95;10;10239501675;B
20240430;102055;582.95;3;10239501916;B
20240430;102057;582.95;160;10239502077;B
20240430;102057;582.95;80;10239502078;B
20240430;102057;582.95;172;10239502079;B
20240430;102057;582.95;291;10239502080;B
20240430;102057;582.9;9;10239502090;S
20240430;102057;582.9;3;10239502111;S
20240430;102107;582.95;1;10239505842;B
20240430;102108;582.95;172;10239506435;B
20240430;102108;582.95;172;10239506436;B
20240430;102108;582.95;80;10239506437;B
20240430;102108;582.95;87;10239506438;B
20240430;102108;582.95;2;10239506439;S
20240430;102110;582.95;2;10239506897;S
20240430;102113;582.95;2;10239507325;S
20240430;102115;583;155;10239507693;B
20240430;102117;582.95;860;10239508293;S
20240430;102120;583;1;10239509541;B
20240430;102120;583;1;10239509553;B
20240430;102120;583;1;10239509571;B
20240430;102120;583;1;10239509583;B
20240430;102120;582.95;448;10239509605;S
20240430;102120;582.95;1;10239509670;B
20240430;102125;582.9;10;10239510874;S
20240430;102129;582.9;15;10239511464;S
20240430;102129;582.7;86;10239511465;S
20240430;102129;582.6;1;10239511466;S
20240430;102129;582.6;10;10239511467;S
20240430;102129;582.6;23;10239511468;S
20240430;102129;582.5;1;10239511577;S
20240430;102129;582.5;180;10239511578;S
20240430;102129;582.5;40;10239511579;S
20240430;102129;582.5;343;10239511580;S
20240430;102129;582.5;5;10239511581;S
20240430;102129;582.5;20;10239511582;S
20240430;102129;582.5;1;10239511583;S
20240430;102129;582.5;2;10239511584;S
20240430;102129;582.5;8;10239511585;S
20240430;102131;582.5;1;10239511672;B
20240430;102132;582.5;1;10239512870;B
20240430;102133;582.5;1;10239512958;B
20240430;102133;582.5;1;10239512973;B
20240430;102134;582.45;1;10239513050;S
20240430;102134;582.45;1;10239513051;S
20240430;102134;582.45;1;10239513052;S
20240430;102134;582.45;7;10239513053;S
20240430;102139;582.5;5;10239515382;B
20240430;102142;582.5;6;10239515961;B
20240430;102144;582.5;2;10239516529;B
20240430;102146;582.45;1;10239517736;S
20240430;102149;582.5;3;10239517905;B
20240430;102151;582.5;4;10239519683;B
20240430;102152;582.5;250;10239519780;B
20240430;102152;582.45;3;10239519797;S
20240430;102153;582.45;1;10239519922;S
20240430;102154;582.5;5;10239520025;B
20240430;102154;582.45;10;10239520059;S
20240430;102155;582.5;1;10239520387;B
20240430;102157;582.5;5;10239521342;B
20240430;102159;582.5;1;10239521642;B
20240430;102206;582.45;8;10239523644;S
20240430;102206;582.4;1;10239523645;S
20240430;102206;582.4;2;10239523646;S
20240430;102206;582.4;15;10239523647;S
20240430;102206;582.4;174;10239523648;S
20240430;102207;582.45;5;10239523803;B
20240430;102209;582.45;10;10239524291;B
20240430;102210;582.4;36;10239525472;S
20240430;102216;582.45;3;10239527313;B
20240430;102216;582.45;1;10239527406;B
20240430;102222;582.4;2;10239528326;S
20240430;102223;582.45;9;10239528653;B
20240430;102228;582.45;2;10239529264;B
20240430;102231;582.45;1;10239530731;B
20240430;102234;582.45;161;10239532709;B
20240430;102234;582.45;339;10239532710;B
20240430;102234;582.4;1;10239532714;S
20240430;102236;582.4;3;10239532811;S
20240430;102237;582.45;2;10239532914;B
20240430;102237;582.45;2;10239532915;B
20240430;102237;582.45;2;10239532916;B
20240430;102237;582.45;22;10239532917;B
20240430;102240;582.45;14;10239533576;B
20240430;102240;582.4;5;10239533587;S
20240430;102240;582.4;3;10239533594;S
20240430;102241;582.4;1;10239534676;S
20240430;102241;582.45;17;10239534727;B
20240430;102242;582.45;15;10239535358;B
20240430;102245;582.45;2;10239535868;B
20240430;102245;582.4;118;10239535916;S
20240430;102245;582.4;73;10239535917;S
20240430;102245;582.4;25;10239535918;S
20240430;102245;582.4;25;10239535919;S
20240430;102245;582.35;100;10239535920;S
20240430;102245;582.35;1;10239535921;S
20240430;102245;582.35;1;10239535922;S
20240430;102245;582.3;16;10239535923;S
20240430;102248;582.3;3;10239536976;S
20240430;102248;582.25;10;10239536977;S
20240430;102248;582.25;386;10239536978;S
20240430;102248;582.25;96;10239536979;S
20240430;102248;582.2;3;10239536980;S
20240430;102248;582.2;5;10239536981;S
20240430;102248;582.2;171;10239536982;S
20240430;102248;582.2;173;10239536983;S
20240430;102248;582.2;96;10239536984;S
20240430;102248;582.15;5;10239536985;S
20240430;102248;582.35;1;10239537025;B
20240430;102249;582.25;6;10239537111;S
20240430;102253;582.35;1;10239537769;B
20240430;102306;582.35;2;10239542456;B
20240430;102306;582.25;19;10239542481;S
20240430;102306;582.25;1;10239542482;S
20240430;102311;582.25;31;10239543141;S
20240430;102311;582.25;1;10239543142;S
20240430;102311;582.25;67;10239543143;B
20240430;102312;582.25;16;10239543189;B
20240430;102316;582.25;1;10239544903;B
20240430;102318;582.25;1;10239546285;B
20240430;102324;582.25;1;10239547284;B
20240430;102327;582.2;2;10239548389;S
20240430;102330;582.15;27;10239548823;S
20240430;102330;582.2;1;10239548842;B
20240430;102330;582.25;1;10239548881;B
20240430;102335;582.2;93;10239551200;S
20240430;102335;582.2;80;10239551201;S
20240430;102338;582.2;2;10239551818;S
20240430;102341;582.2;2;10239552143;S
20240430;102342;582.25;2;10239553190;B
20240430;102343;582.25;1;10239553235;B
20240430;102347;582.25;2;10239555135;B
20240430;102350;582.25;1;10239555278;B
20240430;102351;582.25;4;10239555449;B
20240430;102355;582.35;2;10239556037;B
20240430;102355;582.35;2;10239556051;B
20240430;102403;582.3;1;10239558436;S
20240430;102407;582.3;2;10239560103;S
20240430;102408;582.35;2;10239560154;B
20240430;102409;582.3;14;10239560253;S
20240430;102411;582.3;4;10239560465;S
20240430;102416;582.3;1;10239561867;S
20240430;102417;582.3;15;10239561895;S
20240430;102422;582.3;1;10239565029;B
20240430;102422;582.25;3;10239565034;S
20240430;102422;582.3;1;10239565038;B
20240430;102425;582.3;1;10239565629;B
20240430;102426;582.25;1;10239565958;S
20240430;102432;582.25;2;10239567524;S
20240430;102436;582.25;155;10239569369;S
20240430;102436;582.3;1;10239569443;B
20240430;102441;582.35;1;10239570504;B
20240430;102441;582.4;1;10239570505;B
20240430;102441;582.4;14;10239570506;B
20240430;102442;582.4;1;10239570764;B
20240430;102446;582.3;65;10239571177;S
20240430;102446;582.3;90;10239571178;S
20240430;102446;582.3;95;10239571179;S
20240430;102449;582.4;1;10239572313;B
20240430;102456;582.3;4;10239575280;S
20240430;102513;582.4;1;10239578913;B
20240430;102513;582.4;1;10239578926;B
20240430;102517;582.3;1;10239579386;S
20240430;102520;582.3;2;10239580660;S
20240430;102522;582.3;170;10239580744;S
20240430;102522;582.25;330;10239580745;S
20240430;102524;582.25;1;10239581908;S
20240430;102525;582.4;1;10239582537;B
20240430;102526;582.4;1;10239583688;B
20240430;102529;582.4;2;10239584207;B
20240430;102529;582.4;1;10239584487;B
20240430;102538;582.4;2;10239586095;B
20240430;102543;582.4;1;10239588800;B
20240430;102543;582.3;20;10239588809;S
20240430;102543;582.3;386;10239588810;S
20240430;102543;582.25;4;10239588811;S
20240430;102543;582.25;4;10239588812;S
20240430;102543;582.25;1;10239588813;S
20240430;102543;582.25;1;10239588814;S
20240430;102543;582.25;1;10239588815;S
20240430;102543;582.25;34;10239588816;S
20240430;102543;582.25;5;10239588817;S
20240430;102543;582.25;88;10239588818;S
20240430;102543;582.2;3;10239588819;S
20240430;102543;582.2;1;10239588820;S
20240430;102543;582.2;173;10239588821;S
20240430;102543;582.2;336;10239588822;S
20240430;102543;582.15;275;10239588823;S
20240430;102543;582.15;1;10239588824;S
20240430;102543;582.15;1;10239588825;S
20240430;102543;582.15;2;10239588826;S
20240430;102543;582.15;2;10239588827;S
20240430;102543;582.15;2;10239588828;S
20240430;102543;582.15;1544;10239588829;S
20240430;102543;582.1;94;10239588830;S
20240430;102543;582.1;245;10239588831;S
20240430;102543;582.1;343;10239588832;S
20240430;102543;582.1;1;10239588833;S
20240430;102543;582.1;5;10239588834;S
20240430;102543;582.1;3;10239588835;S
20240430;102543;582.1;171;10239588836;S
20240430;102543;582.1;50;10239588837;S
20240430;102543;582.05;7;10239588838;S
20240430;102543;582.05;1;10239588839;S
20240430;102543;582.05;2;10239588840;S
20240430;102543;582.05;1;10239588841;S
20240430;102543;582.05;1;10239588842;S
20240430;102543;582.05;171;10239588843;S
20240430;102543;582.05;100;10239588844;S
20240430;102543;582.05;244;10239588845;S
20240430;102543;582;1;10239588846;S
20240430;102543;582;4;10239588847;S
20240430;102543;582;3;10239588848;S
20240430;102543;582;100;10239588849;S
20240430;102543;582;50;10239588850;S
20240430;102543;582;2;10239588851;S
20240430;102543;582;1;10239588852;S
20240430;102543;582;10;10239588853;S
20240430;102543;582;100;10239588854;S
20240430;102543;582;10;10239588855;S
20240430;102543;582;10;10239588856;S
20240430;102543;582;1;10239588857;S
20240430;102543;582;1;10239588858;S
20240430;102543;582;1;10239588859;S
20240430;102543;582;1;10239588860;S
20240430;102543;582;1;10239588861;S
20240430;102543;582;2;10239588862;S
20240430;102543;582;1;10239588863;S
20240430;102543;582;3;10239588864;S
20240430;102543;582;1;10239588865;S
20240430;102543;582;5;10239588866;S
20240430;102543;582;3;10239588867;S
20240430;102543;582;5;10239588868;S
20240430;102543;582;50;10239588869;S
20240430;102543;582;30;10239588870;S
20240430;102543;582;3;10239588871;S
20240430;102543;582;1;10239588872;S
20240430;102543;582;28;10239588873;S
20240430;102543;582;100;10239588874;S
20240430;102543;582;3;10239588875;S
20240430;102543;582;5;10239588876;S
20240430;102543;582;900;10239588877;S
20240430;102543;582;171;10239588878;S
20240430;102543;582;1;10239588879;S
20240430;102543;581.95;1;10239588880;S
20240430;102543;581.95;20;10239588881;S
20240430;102543;581.95;25;10239588882;S
20240430;102543;581.9;1;10239588883;S
20240430;102543;581.9;1000;10239588884;S
20240430;102543;581.9;1;10239588885;S
20240430;102543;581.9;2;10239588886;S
20240430;102543;581.9;1000;10239588887;S
20240430;102543;581.9;1000;10239588888;S
20240430;102543;581.9;19;10239588889;S
20240430;102543;582;9;10239588891;S
20240430;102543;582.25;2;10239588896;B
20240430;102543;582.25;1;10239588920;B
20240430;102543;582.15;12;10239588969;B
20240430;102546;582.15;10;10239589308;B
20240430;102558;582.15;52;10239593080;B
20240430;102558;582.15;172;10239593081;B
20240430;102559;582.15;50;10239593581;S
20240430;102605;582.25;1;10239596927;B
20240430;102610;582.3;1;10239598906;B
20240430;102617;582.25;1;10239600831;B
20240430;102625;582.2;6;10239602008;S
20240430;102630;582.25;9;10239604352;B
20240430;102630;582.25;28;10239604353;B
20240430;102636;582.3;2;10239605554;B
20240430;102638;582.2;2;10239605747;S
20240430;102643;582.3;1;10239606435;B
20240430;102700;582.2;2;10239608805;S
20240430;102705;582.3;10;10239609163;B
20240430;102708;582.3;2;10239609395;B
20240430;102714;582.3;1;10239610061;B
20240430;102720;582.2;5;10239610578;S
20240430;102727;582.3;2;10239611282;B
20240430;102727;582.3;2;10239611285;B
20240430;102729;582.2;15;10239611394;S
20240430;102751;582.3;57;10239613512;B
20240430;102751;582.3;173;10239613513;B
20240430;102751;582.3;1;10239613514;B
20240430;102754;582.3;10;10239613713;S
20240430;102757;582.3;1;10239614108;S
20240430;102800;582.3;1;10239614339;S
20240430;102801;582.3;1;10239614421;S
20240430;102803;582.35;1;10239614661;B
20240430;102804;582.35;1;10239614759;B
20240430;102805;582.35;7;10239614796;B
20240430;102808;582.35;2;10239615031;B
20240430;102810;582.35;2;10239615162;B
20240430;102810;582.35;158;10239615187;B
20240430;102810;582.35;17;10239615188;B
20240430;102810;582.35;173;10239615189;B
20240430;102810;582.35;84;10239615190;B
20240430;102811;582.4;12;10239615215;B
20240430;102812;582.35;1;10239615323;S
20240430;102813;582.4;1;10239615335;B
20240430;102815;582.35;5;10239615454;S
20240430;102815;582.4;1;10239615459;B
20240430;102815;582.4;5;10239615460;B
20240430;102816;582.4;1;10239615572;B
20240430;102824;582.4;6;10239616321;B
20240430;102825;582.35;20;10239616439;S
20240430;102830;582.4;4;10239617033;B
20240430;102833;582.4;2;10239617241;B
20240430;102834;582.35;1;10239617283;S
20240430;102837;582.35;1;10239617485;S
20240430;102840;582.4;1;10239617756;B
20240430;102842;582.35;2;10239617917;S
20240430;102845;582.35;14;10239618245;S
20240430;102846;582.4;1;10239618366;B
20240430;102850;582.35;6;10239618786;S
20240430;102851;582.4;11;10239618861;B
20240430;102901;582.4;1;10239619905;B
20240430;102905;582.35;1;10239620194;S
20240430;102905;582.35;4;10239620226;S
20240430;102907;582.35;13;10239620429;S
20240430;102907;582.35;148;10239620430;S
20240430;102907;582.35;118;10239620431;S
20240430;102908;582.35;1;10239620470;S
20240430;102912;582.35;4;10239620735;S
20240430;102912;582.4;1;10239620766;B
20240430;102920;582.35;1;10239621822;S
20240430;102921;582.4;9;10239621941;B
20240430;102926;582.4;10;10239622297;B
20240430;102926;582.4;2;10239622301;B
20240430;102926;582.4;3;10239622303;B
20240430;102932;582.35;3;10239622874;S
20240430;102932;582.35;13;10239622921;S
20240430;102933;582.4;1;10239622923;B
20240430;102936;582.4;2;10239623251;B
20240430;102936;582.4;1;10239623263;B
20240430;102936;582.4;110;10239623271;B
20240430;102936;582.4;40;10239623272;B
20240430;102938;582.4;16;10239623401;B
20240430;102940;582.35;9;10239623449;S
20240430;102940;582.35;1;10239623487;S
20240430;102941;582.4;2;10239623520;B
20240430;102941;582.4;1;10239623543;B
20240430;102942;582.35;52;10239623604;S
20240430;102942;582.4;4;10239623605;B
20240430;102944;582.4;3;10239623740;B
20240430;102947;582.35;3;10239624071;S
20240430;102950;582.35;1;10239624283;S
20240430;102954;582.35;65;10239624644;S
20240430;103000;582.35;1;10239625286;S
20240430;103001;582.4;60;10239625374;B
20240430;103007;582.35;3;10239625866;S
20240430;103010;582.4;1;10239626189;B
20240430;103010;582.4;1;10239626267;B
20240430;103012;582.35;5;10239626368;S
20240430;103019;582.35;8;10239627005;S
20240430;103019;582.4;7;10239627030;B
20240430;103020;582.35;5;10239627077;S
20240430;103020;582.35;1;10239627078;S
20240430;103020;582.35;1;10239627079;S
20240430;103020;582.35;1;10239627080;S
20240430;103021;582.3;4;10239627156;S
20240430;103021;582.35;2;10239627170;B
20240430;103021;582.3;3;10239627172;S
20240430;103021;582.35;1;10239627189;B
20240430;103022;582.35;1;10239627286;B
20240430;103025;582.3;100;10239627525;S
20240430;103031;582.3;9;10239628194;S
20240430;103032;582.35;2;10239628252;B
20240430;103035;582.35;1;10239628546;B
20240430;103036;582.3;7;10239628631;S
20240430;103037;582.35;2;10239628741;B
20240430;103038;582.3;349;10239628825;S
20240430;103038;582.3;4;10239628826;S
20240430;103040;582.35;50;10239629159;B
20240430;103041;582.35;1;10239629228;B
20240430;103041;582.3;33;10239629302;S
20240430;103041;582.35;2;10239629405;B
20240430;103042;582.3;2;10239629572;S
20240430;103043;582.2;1;10239629601;S
20240430;103043;582.2;3;10239629602;S
20240430;103045;582.25;2;10239629789;B
20240430;103046;582.25;1;10239629817;B
20240430;103050;582.2;6;10239630194;S
20240430;103051;582.2;2;10239630213;S
20240430;103051;582.25;4;10239630223;B
20240430;103051;582.25;1;10239630246;B
20240430;103054;582.25;3;10239630519;B
20240430;103055;582.25;2;10239630536;B
20240430;103059;582.2;5;10239630836;S
20240430;103101;582.25;2;10239631004;B
20240430;103103;582.2;84;10239631217;S
20240430;103103;582.2;1;10239631218;S
20240430;103103;582.2;1;10239631219;S
20240430;103103;582.2;1;10239631220;S
20240430;103103;582.2;1;10239631221;S
20240430;103103;582.2;1;10239631222;S
20240430;103103;582.2;1;10239631223;S
20240430;103103;582.2;1;10239631224;S
20240430;103103;582.2;81;10239631225;S
20240430;103103;582.2;20;10239631226;S
20240430;103103;582.15;208;10239631227;S
20240430;103104;582.25;2;10239631338;B
20240430;103108;582.25;117;10239631774;B
20240430;103109;582.2;1;10239631913;S
20240430;103110;582.25;5;10239631963;B
20240430;103113;582.25;2;10239632282;B
20240430;103114;582.25;1;10239632345;B
20240430;103117;582.25;2;10239632685;B
20240430;103120;582.25;8;10239632944;B
20240430;103121;582.25;15;10239633091;B
20240430;103121;582.25;173;10239633092;B
20240430;103121;582.25;27;10239633093;B
20240430;103121;582.25;80;10239633094;B
20240430;103121;582.3;205;10239633095;B
20240430;103129;582.3;92;10239633785;B
20240430;103129;582.2;1;10239633797;S
20240430;103129;582.2;1;10239633798;S
20240430;103129;582.2;1;10239633799;S
20240430;103129;582.2;16;10239633800;S
20240430;103132;582.2;1;10239634183;S
20240430;103132;582.2;1;10239634184;S
20240430;103132;582.2;1;10239634185;S
20240430;103132;582.2;1;10239634186;S
20240430;103132;582.15;196;10239634187;S
20240430;103135;582.25;2;10239634458;B
20240430;103139;582.2;1;10239634776;S
20240430;103139;582.2;6;10239634777;S
20240430;103141;582.25;1;10239634921;B
20240430;103141;582.25;3;10239634926;B
20240430;103144;582.2;1;10239635063;S
20240430;103144;582.2;2;10239635064;S
20240430;103144;582.2;1;10239635132;S
20240430;103144;582.15;10;10239635133;S
20240430;103151;582.25;170;10239635790;B
20240430;103151;582.25;80;10239635791;B
20240430;103151;582.25;147;10239635792;B
20240430;103151;582.3;103;10239635793;B
20240430;103155;582.25;1;10239637168;B
20240430;103203;582.25;1;10239637895;B
20240430;103203;582.25;2;10239638009;B
20240430;103206;582.25;60;10239638214;B
20240430;103207;582.25;10;10239638219;B
20240430;103207;582.25;1;10239638264;B
20240430;103209;582.25;4;10239638387;B
20240430;103212;582.25;54;10239638900;B
20240430;103213;582.25;2;10239638947;B
20240430;103213;582.25;2;10239638968;B
20240430;103215;582.25;4;10239639245;B
20240430;103219;582.2;4;10239639640;S
20240430;103219;582.2;15;10239639641;S
20240430;103221;582.25;1;10239639805;B
20240430;103222;582.15;4;10239639824;S
20240430;103234;582.25;33;10239640750;B
20240430;103234;582.25;79;10239640751;B
20240430;103234;582.25;13;10239640752;B
20240430;103234;582.25;10;10239640753;B
20240430;103234;582.3;313;10239640754;B
20240430;103234;582.15;308;10239640781;S
20240430;103234;582.15;1;10239640782;S
20240430;103236;582.1;1;10239640889;S
20240430;103238;582.15;2;10239641067;B
20240430;103239;582.15;2;10239641140;B
20240430;103240;582.1;1;10239641187;S
20240430;103240;582.15;1;10239641262;B
20240430;103244;582.1;4;10239641482;S
20240430;103245;582.15;84;10239641563;B
20240430;103247;582.15;11;10239641683;B
20240430;103247;582.15;3;10239641684;B
20240430;103247;582.15;1;10239641687;B
20240430;103250;582.1;4;10239641881;S
20240430;103250;582.1;1;10239641882;S
20240430;103250;582.1;3;10239641883;S
20240430;103250;582.1;32;10239641884;S
20240430;103250;582.1;5;10239641922;S
20240430;103255;582;2;10239642328;S
20240430;103255;582;2;10239642329;S
20240430;103255;582;1;10239642330;S
20240430;103255;582;5;10239642331;S
20240430;103255;582;4;10239642332;S
20240430;103303;582.1;3;10239642927;B
20240430;103303;582.1;17;10239642928;B
20240430;103308;582;5;10239643366;S
20240430;103308;582;12;10239643367;S
20240430;103308;582;10;10239643368;S
20240430;103308;582;1;10239643369;S
20240430;103308;582;10;10239643370;S
20240430;103308;582;3;10239643371;S
20240430;103308;582;1;10239643372;S
20240430;103308;582;108;10239643373;S
20240430;103310;582;5;10239643507;S
20240430;103310;581.95;3;10239643508;S
20240430;103310;581.95;12;10239643509;S
20240430;103311;582.1;7;10239643568;B
20240430;103312;582.1;2;10239643650;B
20240430;103317;582;2;10239643950;S
20240430;103317;581.95;12;10239643951;S
20240430;103317;582.1;1;10239643996;B
20240430;103317;582.1;1;10239643997;B
20240430;103337;582;10;10239645733;S
20240430;103348;582;7;10239646619;S
20240430;103348;581.95;1;10239646620;S
20240430;103348;581.95;77;10239646621;S
20240430;103348;581.9;10;10239646622;S
20240430;103348;581.9;1;10239646623;S
20240430;103348;581.9;2;10239646624;S
20240430;103348;581.9;433;10239646625;S
20240430;103349;581.9;2;10239646694;S
20240430;103350;582.1;1;10239646832;B
20240430;103353;582;4;10239647063;S
20240430;103357;582.05;1;10239647387;B
20240430;103400;582.05;16;10239647495;B
20240430;103400;582;3;10239647502;S
20240430;103400;582.05;74;10239647568;B
20240430;103400;582.05;172;10239647569;B
20240430;103400;582.05;254;10239647570;B
20240430;103404;582.05;1;10239647956;B
20240430;103407;582;38;10239648122;S
20240430;103407;582;1;10239648123;S
20240430;103407;582;1;10239648124;S
20240430;103407;582;1;10239648125;S
20240430;103407;581.95;9;10239648126;S
20240430;103410;582.05;45;10239648360;B
20240430;103411;582.05;2;10239648490;B
20240430;103411;582.05;2;10239648529;B
20240430;103413;582;1;10239648836;S
20240430;103413;581.9;6;10239648837;S
20240430;103413;582;1;10239648843;B
20240430;103413;582;1;10239648850;B
20240430;103425;582;5;10239649884;B
20240430;103428;581.9;1;10239650178;S
20240430;103434;581.9;1;10239650706;B
20240430;103440;581.85;1;10239651230;S
20240430;103440;581.85;15;10239651231;S
20240430;103444;581.85;25;10239651834;S
20240430;103444;581.85;8;10239651835;S
20240430;103444;581.85;200;10239651836;S
20240430;103445;581.8;10;10239651883;S
20240430;103446;581.85;1;10239651986;B
20240430;103447;581.8;7;10239652052;S
20240430;103448;581.85;1;10239652187;B
20240430;103454;581.85;20;10239652736;B
20240430;103455;581.8;1;10239652830;S
20240430;103458;581.85;4;10239653575;B
20240430;103506;581.8;20;10239654159;S
20240430;103506;581.8;3;10239654213;S
20240430;103507;581.85;2;10239654250;B
20240430;103508;581.85;1;10239654296;B
20240430;103509;581.8;9;10239654369;S
20240430;103510;581.8;25;10239654524;S
20240430;103510;581.8;1;10239654525;S
20240430;103510;581.8;50;10239654526;S
20240430;103510;581.8;1;10239654527;S
20240430;103510;581.8;20;10239654528;S
20240430;103510;581.8;1;10239654529;S
20240430;103510;581.8;2;10239654530;S
20240430;103510;581.8;50;10239654531;S
20240430;103510;581.8;1;10239654532;S
20240430;103510;581.8;5;10239654533;S
20240430;103510;581.8;6;10239654534;S
20240430;103510;581.8;1;10239654535;S
20240430;103510;581.8;2;10239654536;S
20240430;103510;581.8;419;10239654537;S
20240430;103510;581.75;1;10239654546;S
20240430;103510;581.75;299;10239654547;S
20240430;103510;581.75;100;10239654548;S
20240430;103510;581.75;101;10239654549;S
20240430;103510;581.75;5;10239654550;S
20240430;103510;581.7;1;10239654612;S
20240430;103510;581.7;1;10239654613;S
20240430;103510;581.7;20;10239654614;S
20240430;103510;581.7;1;10239654615;S
20240430;103510;581.7;1;10239654616;S
20240430;103510;581.7;1;10239654617;S
20240430;103510;581.7;5;10239654618;S
20240430;103510;581.65;15;10239654619;S
20240430;103510;581.65;49;10239654620;S
20240430;103510;581.65;2;10239654621;S
20240430;103510;581.6;25;10239654622;S
20240430;103510;581.6;69;10239654623;S
20240430;103510;581.6;206;10239654624;S
20240430;103511;581.6;5;10239654700;S
20240430;103511;581.6;2;10239654701;S
20240430;103511;581.6;5;10239654702;S
20240430;103511;581.6;35;10239654703;S
20240430;103513;581.55;1;10239654957;S
20240430;103514;581.6;10;10239655079;B
20240430;103517;581.6;1;10239655342;B
20240430;103519;581.6;2;10239655575;B
20240430;103524;581.6;1;10239655977;B
20240430;103528;581.55;1;10239656469;S
20240430;103528;581.6;4;10239656476;B
20240430;103528;581.6;3;10239656528;B
20240430;103529;581.6;1;10239656592;B
20240430;103530;581.6;34;10239656668;B
20240430;103530;581.6;32;10239656669;B
20240430;103531;581.65;4;10239656766;B
20240430;103531;581.65;1;10239656767;B
20240430;103534;581.55;1;10239657142;S
20240430;103537;581.65;1;10239657391;B
20240430;103539;581.65;11;10239657494;B
20240430;103540;581.65;62;10239657567;B
20240430;103541;581.65;25;10239657634;B
20240430;103541;581.7;75;10239657635;B
20240430;103544;581.7;1;10239657963;S
20240430;103545;581.7;19;10239658006;S
20240430;103545;581.7;51;10239658007;S
20240430;103546;581.75;3;10239658079;B
20240430;103546;581.75;10;10239658095;B
20240430;103552;581.75;5;10239658859;B
20240430;103555;581.75;6;10239659177;B
20240430;103556;581.7;2;10239659201;S
20240430;103556;581.75;1;10239659246;B
20240430;103557;581.75;169;10239659353;B
20240430;103557;581.75;57;10239659354;B
20240430;103559;581.75;200;10239659613;B
20240430;103600;581.7;2;10239659676;S
20240430;103606;581.75;5;10239660332;B
20240430;103610;581.75;1;10239660631;B
20240430;103612;581.75;5;10239660824;B
20240430;103612;581.75;1;10239660849;B
20240430;103614;581.75;31;10239661073;B
20240430;103614;581.75;2;10239661074;B
20240430;103619;581.75;1;10239662100;B
20240430;103619;581.7;2;10239662123;S
20240430;103619;581.7;1;10239662124;S
20240430;103619;581.7;1;10239662125;S
20240430;103619;581.7;8;10239662126;S
20240430;103620;581.7;1;10239662352;B
20240430;103627;581.65;2;10239663561;S
20240430;103627;581.65;2;10239663562;S
20240430;103627;581.65;96;10239663563;S
20240430;103628;581.65;76;10239663645;S
20240430;103628;581.65;5;10239663646;S
20240430;103628;581.6;19;10239663647;S
20240430;103629;581.6;27;10239663664;S
20240430;103629;581.6;1;10239663666;S
20240430;103629;581.6;1;10239663667;S
20240430;103629;581.6;1;10239663730;S
20240430;103629;581.6;5;10239663731;S
20240430;103629;581.6;1;10239663732;S
20240430;103629;581.6;1;10239663733;S
20240430;103629;581.6;92;10239663734;S
20240430;103629;581.6;125;10239663735;S
20240430;103629;581.6;80;10239663736;S
20240430;103629;581.6;100;10239663737;S
20240430;103629;581.6;1;10239663738;S
20240430;103629;581.55;19;10239663740;S
20240430;103629;581.55;2;10239663741;S
20240430;103629;581.55;1;10239663742;S
20240430;103629;581.55;78;10239663743;S
20240430;103629;581.55;300;10239663744;S
20240430;103629;581.55;122;10239663745;S
20240430;103629;581.55;1;10239663746;S
20240430;103629;581.55;2;10239663747;S
20240430;103629;581.55;2;10239663748;S
20240430;103629;581.55;325;10239663749;S
20240430;103629;581.55;1;10239663750;S
20240430;103629;581.55;10;10239663751;S
20240430;103629;581.55;20;10239663752;S
20240430;103629;581.55;17;10239663753;S
20240430;103629;581.55;83;10239663754;S
20240430;103629;581.55;10;10239663755;S
20240430;103629;581.55;10;10239663756;S
20240430;103629;581.55;7;10239663757;S
20240430;103629;581.55;1;10239663758;S
20240430;103629;581.55;2;10239663759;S
20240430;103629;581.55;187;10239663760;S
20240430;103629;581.55;300;10239663763;S
20240430;103629;581.55;100;10239663764;S
20240430;103629;581.55;500;10239663765;S
20240430;103630;581.55;100;10239663823;S
20240430;103630;581.55;100;10239663824;S
20240430;103630;581.55;100;10239663843;S
20240430;103630;581.55;200;10239663844;S
20240430;103630;581.55;100;10239663845;S
20240430;103630;581.55;100;10239663852;S
20240430;103630;581.55;213;10239663853;S
20240430;103630;581.55;1;10239663854;S
20240430;103630;581.55;86;10239663855;S
20240430;103630;581.55;500;10239663856;S
20240430;103630;581.55;500;10239663857;S
20240430;103630;581.55;100;10239663858;S
20240430;103630;581.55;200;10239663859;S
20240430;103630;581.55;300;10239663860;S
20240430;103631;581.6;1;10239663926;B
20240430;103631;581.6;9;10239663941;B
20240430;103634;581.6;5;10239664106;B
20240430;103635;581.55;5;10239664159;S
20240430;103636;581.6;4;10239664267;B
20240430;103637;581.55;100;10239664329;S
20240430;103637;581.55;100;10239664330;S
20240430;103641;581.6;1;10239664729;B
20240430;103642;581.6;1;10239664853;B
20240430;103645;581.55;100;10239665035;S
20240430;103645;581.55;100;10239665036;S
20240430;103645;581.6;1;10239665044;B
20240430;103646;581.55;8;10239665105;S
20240430;103646;581.6;10;10239665111;B
20240430;103646;581.6;62;10239665128;B
20240430;103646;581.6;300;10239665129;B
20240430;103646;581.6;168;10239665130;B
20240430;103647;581.6;1;10239665172;B
20240430;103648;581.6;16;10239665257;B
20240430;103648;581.6;5;10239665326;B
20240430;103649;581.55;964;10239665372;S
20240430;103649;581.55;37;10239665373;S
20240430;103650;581.6;1;10239665453;B
20240430;103651;581.55;1;10239665502;S
20240430;103651;581.55;10;10239665539;S
20240430;103651;581.55;3;10239665540;S
20240430;103651;581.55;2;10239665541;S
20240430;103651;581.55;1;10239665542;S
20240430;103651;581.55;3;10239665554;B
20240430;103651;581.5;1;10239665558;S
20240430;103653;581.55;1;10239665704;B
20240430;103655;581.55;760;10239665840;B
20240430;103655;581.55;86;10239665841;B
20240430;103655;581.55;386;10239665842;B
20240430;103655;581.55;100;10239665843;B
20240430;103655;581.55;172;10239665844;B
20240430;103658;581.6;1;10239666202;B
20240430;103700;581.6;5;10239666335;B
20240430;103700;581.6;38;10239666435;B
20240430;103703;581.55;8;10239666811;S
20240430;103704;581.55;7;10239666925;S
20240430;103707;581.6;1;10239667092;B
20240430;103708;581.6;4;10239667218;B
20240430;103708;581.55;81;10239667260;S
20240430;103708;581.55;173;10239667261;S
20240430;103708;581.5;477;10239667262;S
20240430;103709;581.55;378;10239667278;B
20240430;103709;581.55;172;10239667279;B
20240430;103709;581.6;251;10239667280;B
20240430;103709;581.6;1000;10239667281;B
20240430;103709;581.6;300;10239667282;B
20240430;103709;581.6;121;10239667283;B
20240430;103710;581.5;16;10239667393;S
20240430;103710;581.5;7;10239667394;S
20240430;103710;581.5;87;10239667395;S
20240430;103710;581.5;7;10239667396;S
20240430;103710;581.5;1;10239667397;S
20240430;103710;581.5;1;10239667398;S
20240430;103710;581.5;1;10239667399;S
20240430;103710;581.5;1;10239667400;S
20240430;103710;581.5;1;10239667401;S
20240430;103710;581.5;1;10239667402;S
20240430;103710;581.5;193;10239667403;S
20240430;103710;581.5;7;10239667404;S
20240430;103710;581.5;1;10239667405;S
20240430;103710;581.5;1;10239667406;S
20240430;103710;581.5;2;10239667407;S
20240430;103710;581.5;289;10239667408;S
20240430;103710;581.5;7;10239667409;S
20240430;103710;581.5;293;10239667410;S
20240430;103712;581.6;30;10239667605;B
20240430;103715;581.55;172;10239668340;B
20240430;103716;581.6;70;10239668353;B
20240430;103716;581.6;43;10239668354;B
20240430;103716;581.6;343;10239668389;B
20240430;103718;581.65;8;10239668565;B
20240430;103719;581.7;20;10239668793;B
20240430;103719;581.65;4;10239668805;S
20240430;103720;581.7;10;10239668866;B
20240430;103721;581.7;1;10239668955;B
20240430;103725;581.7;2;10239669433;B
20240430;103730;581.7;2;10239670212;B
20240430;103731;581.7;18;10239670259;B
20240430;103735;581.7;3;10239670610;B
20240430;103736;581.7;29;10239670639;B
20240430;103736;581.7;1;10239670709;B
20240430;103737;581.65;100;10239670756;S
20240430;103737;581.65;68;10239670757;S
20240430;103737;581.65;32;10239670758;S
20240430;103738;581.65;82;10239670920;S
20240430;103741;581.65;10;10239671738;S
20240430;103743;581.7;50;10239672165;B
20240430;103745;581.7;293;10239672359;B
20240430;103745;581.7;207;10239672360;B
20240430;103746;581.65;10;10239672548;S
20240430;103747;581.7;2;10239672635;B
20240430;103750;581.65;1;10239672864;S
20240430;103750;581.7;1;10239672893;B
20240430;103750;581.7;5;10239672953;B
20240430;103752;581.7;3;10239673098;B
20240430;103756;581.7;5;10239673490;B
20240430;103800;581.7;1;10239673922;B
20240430;103804;581.7;15;10239674444;B
20240430;103805;581.65;10;10239674746;S
20240430;103809;581.7;2;10239675256;B
20240430;103810;581.65;28;10239675389;S
20240430;103810;581.65;17;10239675390;S
20240430;103811;581.65;9;10239675453;S
20240430;103813;581.7;74;10239675998;B
20240430;103813;581.7;20;10239675999;B
20240430;103813;581.7;386;10239676000;B
20240430;103817;581.7;20;10239676319;S
20240430;103828;581.7;1;10239678286;S
20240430;103831;581.7;9;10239678501;S
20240430;103831;581.7;2;10239678502;S
20240430;103833;581.7;144;10239678822;S
20240430;103838;581.7;10;10239679239;S
20240430;103840;581.75;1;10239679481;B
20240430;103840;581.7;6;10239679554;S
20240430;103842;581.75;2;10239679743;B
20240430;103845;581.65;14;10239680170;S
20240430;103845;581.65;1;10239680171;S
20240430;103845;581.65;1;10239680172;S
20240430;103845;581.65;17;10239680173;S
20240430;103846;581.7;12;10239680218;B
20240430;103848;581.7;10;10239680357;B
20240430;103850;581.65;74;10239680553;S
20240430;103850;581.6;50;10239680705;S
20240430;103850;581.6;50;10239680706;S
20240430;103850;581.6;10;10239680707;S
20240430;103850;581.6;16;10239680708;S
20240430;103850;581.6;96;10239680709;S
20240430;103852;581.65;2;10239680906;B
20240430;103852;581.65;10;10239680971;B
20240430;103855;581.6;84;10239681241;S
20240430;103855;581.6;1;10239681242;S
20240430;103856;581.6;1;10239681377;B
20240430;103856;581.6;1;10239681450;B
20240430;103856;581.6;13;10239681460;B
20240430;103858;581.6;1;10239681542;B
20240430;103901;581.6;5;10239681834;B
20240430;103901;581.55;7;10239681868;S
20240430;103902;581.6;4;10239681955;B
20240430;103907;581.6;50;10239682354;B
20240430;103907;581.65;1;10239682372;B
20240430;103910;581.6;1;10239682686;B
20240430;103911;581.6;80;10239682765;B
20240430;103911;581.6;1;10239682772;B
20240430;103914;581.55;42;10239683514;S
20240430;103914;581.6;2;10239683548;B
20240430;103915;581.6;170;10239683560;B
20240430;103917;581.6;1;10239683771;S
20240430;103928;581.6;30;10239684950;S
20240430;103928;581.6;589;10239684963;S
20240430;103928;581.6;173;10239684964;S
20240430;103928;581.6;20;10239684965;S
20240430;103928;581.6;5;10239684966;S
20240430;103928;581.6;1;10239684967;S
20240430;103928;581.6;2;10239684968;S
20240430;103928;581.6;2;10239684969;S
20240430;103929;581.55;1;10239685147;S
20240430;103930;581.6;1;10239685162;B
20240430;103930;581.6;1;10239685174;B
20240430;103930;581.6;61;10239685181;B
20240430;103931;581.6;20;10239685254;S
20240430;103935;581.65;5;10239685724;B
20240430;103939;581.6;1;10239686151;S
20240430;103939;581.6;1;10239686217;S
20240430;103940;581.6;1;10239686264;S
20240430;103942;581.65;2;10239686486;B
20240430;103943;581.6;1;10239686538;S
20240430;103943;581.6;2;10239686575;S
20240430;103945;581.65;98;10239686738;B
20240430;103945;581.65;98;10239686739;B
20240430;103945;581.65;95;10239686740;B
20240430;103945;581.65;17;10239686743;S
20240430;103945;581.65;83;10239686744;S
20240430;103949;581.7;3;10239687444;B
20240430;103952;581.7;1;10239687858;B
20240430;103954;581.7;1;10239687982;B
20240430;103955;581.7;57;10239688034;B
20240430;103955;581.7;7;10239688035;B
20240430;103955;581.7;97;10239688036;B
20240430;103955;581.7;197;10239688037;B
20240430;103956;581.6;28;10239688218;S
20240430;103956;581.6;5;10239688219;S
20240430;103956;581.6;173;10239688220;S
20240430;103956;581.6;3;10239688221;S
20240430;103956;581.6;1;10239688222;S
20240430;103956;581.6;5;10239688223;S
20240430;103956;581.55;50;10239688224;S
20240430;103956;581.55;100;10239688225;S
20240430;103956;581.55;21;10239688226;S
20240430;103956;581.55;10;10239688227;S
20240430;103956;581.55;2;10239688228;S
20240430;103956;581.55;4;10239688229;S
20240430;103956;581.55;1;10239688230;S
20240430;103956;581.55;97;10239688231;S
20240430;104004;581.6;173;10239689023;S
20240430;104004;581.55;601;10239689024;S
20240430;104004;581.6;2;10239689037;B
20240430;104004;581.55;300;10239689053;S
20240430;104004;581.55;300;10239689057;S
20240430;104004;581.55;100;10239689058;S
20240430;104004;581.55;300;10239689059;S
20240430;104004;581.55;300;10239689060;S
20240430;104004;581.55;300;10239689061;S
20240430;104005;581.55;200;10239689101;S
20240430;104005;581.55;3;10239689111;S
20240430;104005;581.55;100;10239689134;S
20240430;104005;581.55;100;10239689186;S
20240430;104005;581.55;100;10239689187;S
20240430;104005;581.55;100;10239689188;S
20240430;104005;581.55;100;10239689189;S
20240430;104005;581.55;300;10239689190;S
20240430;104005;581.55;100;10239689201;S
20240430;104005;581.55;300;10239689202;S
20240430;104005;581.55;299;10239689204;S
20240430;104005;581.55;1;10239689205;S
20240430;104005;581.55;97;10239689206;S
20240430;104005;581.5;200;10239689207;S
20240430;104005;581.5;766;10239689208;S
20240430;104005;581.5;780;10239689209;S
20240430;104005;581.5;3605;10239689210;S
20240430;104005;581.5;2;10239689218;S
20240430;104005;581.55;1;10239689338;B
20240430;104005;581.5;5;10239689339;S
20240430;104006;581.5;1;10239689396;S
20240430;104006;581.5;3;10239689498;S
20240430;104006;581.5;1;10239689499;S
20240430;104006;581.5;20;10239689523;S
20240430;104006;581.5;480;10239689579;S
20240430;104006;581.5;30;10239689582;S
20240430;104006;581.5;500;10239689609;S
20240430;104006;581.5;3;10239689640;S
20240430;104006;581.5;3;10239689641;S
20240430;104006;581.5;7;10239689642;S
20240430;104006;581.5;2;10239689666;S
20240430;104006;581.5;1;10239689667;S
20240430;104006;581.5;4;10239689668;S
20240430;104007;581.5;2;10239689715;S
20240430;104007;581.5;2;10239689716;S
20240430;104007;581.5;7;10239689717;S
20240430;104007;581.5;1;10239689791;S
20240430;104007;581.5;1;10239689792;S
20240430;104007;581.5;1;10239689793;S
20240430;104007;581.5;112;10239689815;S
20240430;104008;581.5;8;10239689893;S
20240430;104008;581.5;9;10239689894;S
20240430;104008;581.5;25;10239689895;S
20240430;104008;581.5;100;10239689925;S
20240430;104008;581.55;3;10239689943;B
20240430;104010;581.5;1;10239690090;S
20240430;104010;581.55;1;10239690159;B
20240430;104010;581.5;2;10239690162;S
20240430;104011;581.55;10;10239690259;B
20240430;104013;581.5;100;10239690477;S
20240430;104014;581.5;200;10239690640;S
20240430;104014;581.5;300;10239690641;S
20240430;104014;581.5;300;10239690642;S
20240430;104014;581.5;300;10239690643;S
20240430;104014;581.5;100;10239690644;S
20240430;104016;581.55;1;10239690946;B
20240430;104016;581.55;187;10239690948;B
20240430;104016;581.55;13;10239690949;B
20240430;104019;581.5;23;10239691335;S
20240430;104019;581.5;240;10239691336;S
20240430;104020;581.55;5;10239691445;B
20240430;104021;581.55;150;10239691690;B
20240430;104023;581.55;4;10239691855;B
20240430;104023;581.5;1;10239691901;S
20240430;104023;581.55;1;10239691917;B
20240430;104025;581.5;100;10239692112;S
20240430;104026;581.55;50;10239692290;B
20240430;104027;581.55;1;10239692378;B
20240430;104027;581.55;1;10239692383;B
20240430;104028;581.5;100;10239692406;S
20240430;104028;581.5;186;10239692495;S
20240430;104031;581.5;2;10239692722;S
20240430;104032;581.5;4030;10239692795;S
20240430;104032;581.5;1;10239692796;S
20240430;104032;581.5;5;10239692797;S
20240430;104032;581.5;6;10239692798;S
20240430;104032;581.5;100;10239692799;S
20240430;104032;581.5;3;10239692800;S
20240430;104032;581.5;10;10239692801;S
20240430;104032;581.5;100;10239692802;S
20240430;104032;581.5;150;10239692803;S
20240430;104032;581.5;50;10239692804;S
20240430;104032;581.5;1;10239692805;S
20240430;104032;581.5;1;10239692806;S
20240430;104032;581.5;2;10239692807;S
20240430;104032;581.5;1;10239692808;S
20240430;104032;581.5;1;10239692809;S
20240430;104032;581.5;2;10239692810;S
20240430;104032;581.5;1;10239692811;S
20240430;104032;581.5;2;10239692812;S
20240430;104032;581.5;5;10239692813;S
20240430;104032;581.5;1;10239692814;S
20240430;104032;581.5;1;10239692815;S
20240430;104032;581.5;2;10239692816;S
20240430;104032;581.5;2;10239692817;S
20240430;104032;581.5;5;10239692818;S
20240430;104032;581.5;1;10239692819;S
20240430;104032;581.5;200;10239692820;S
20240430;104032;581.5;5;10239692821;S
20240430;104032;581.5;1;10239692822;S
20240430;104032;581.5;3;10239692823;S
20240430;104032;581.5;50;10239692824;S
20240430;104032;581.5;10;10239692825;S
20240430;104032;581.5;1;10239692826;S
20240430;104032;581.5;3;10239692827;S
20240430;104032;581.5;2;10239692828;S
20240430;104032;581.5;372;10239692829;S
20240430;104032;581.5;173;10239692830;S
20240430;104032;581.5;2;10239692831;S
20240430;104032;581.45;1;10239692859;S
20240430;104039;581.5;2;10239693427;B
20240430;104041;581.45;40;10239693583;S
20240430;104041;581.45;5;10239693658;S
20240430;104042;581.45;6;10239693699;S
20240430;104043;581.45;5;10239693772;S
20240430;104046;581.45;300;10239694000;S
20240430;104046;581.45;100;10239694001;S
20240430;104046;581.45;336;10239694002;S
20240430;104046;581.45;5;10239694003;S
20240430;104046;581.45;2;10239694004;S
20240430;104046;581.45;3;10239694005;S
20240430;104046;581.4;1;10239694042;S
20240430;104046;581.4;2;10239694043;S
20240430;104046;581.4;2;10239694044;S
20240430;104046;581.4;6;10239694045;S
20240430;104046;581.4;150;10239694046;S
20240430;104046;581.4;1;10239694047;S
20240430;104046;581.4;1;10239694048;S
20240430;104046;581.4;25;10239694049;S
20240430;104046;581.4;98;10239694050;S
20240430;104046;581.4;7;10239694051;S
20240430;104046;581.4;1;10239694052;S
20240430;104046;581.4;6;10239694053;S
20240430;104047;581.4;14;10239694065;S
20240430;104047;581.35;1;10239694066;S
20240430;104047;581.35;36;10239694067;S
20240430;104047;581.35;172;10239694068;S
20240430;104047;581.35;6;10239694069;S
20240430;104047;581.35;271;10239694070;S
20240430;104047;581.35;100;10239694071;S
20240430;104048;581.35;5;10239694211;S
20240430;104048;581.35;4;10239694219;S
20240430;104049;581.4;2;10239694263;B
20240430;104051;581.35;17;10239694440;S
20240430;104051;581.35;4;10239694447;S
20240430;104053;581.35;5;10239694588;S
20240430;104054;581.4;1;10239694636;B
20240430;104055;581.35;17;10239694702;S
20240430;104055;581.35;80;10239694709;S
20240430;104056;581.4;1;10239694754;B
20240430;104058;581.4;1;10239694888;B
20240430;104100;581.4;7;10239695030;B
20240430;104101;581.4;5;10239695137;B
20240430;104102;581.4;1;10239695229;B
20240430;104102;581.4;10;10239695244;B
20240430;104104;581.35;1;10239695426;S
20240430;104106;581.4;4;10239695638;B
20240430;104107;581.4;185;10239695737;B
20240430;104107;581.35;3;10239695741;S
20240430;104107;581.35;27;10239695810;S
20240430;104110;581.4;6;10239696054;B
20240430;104114;581.35;5;10239696436;S
20240430;104116;581.4;1;10239696602;B
20240430;104117;581.4;4;10239696692;B
20240430;104117;581.35;1;10239696694;S
20240430;104120;581.4;1;10239696917;B
20240430;104120;581.4;8;10239696977;B
20240430;104120;581.4;1;10239696980;B
20240430;104122;581.4;2;10239697072;B
20240430;104123;581.4;1;10239697201;B
20240430;104126;581.4;1;10239697430;B
20240430;104126;581.4;1;10239697431;B
20240430;104129;581.4;1;10239697631;B
20240430;104131;581.4;97;10239697750;B
20240430;104131;581.4;403;10239697751;B
20240430;104131;581.4;5;10239697769;B
20240430;104133;581.4;10;10239697912;B
20240430;104136;581.4;2;10239698212;B
20240430;104143;581.4;34;10239698914;B
20240430;104143;581.4;1;10239698915;B
20240430;104148;581.35;460;10239699286;S
20240430;104148;581.35;4;10239699287;S
20240430;104148;581.35;1;10239699288;S
20240430;104148;581.35;173;10239699289;S
20240430;104148;581.35;84;10239699290;S
20240430;104148;581.35;1;10239699291;S
20240430;104148;581.35;5;10239699292;S
20240430;104148;581.35;25;10239699293;S
20240430;104148;581.35;6;10239699294;S
20240430;104148;581.35;1;10239699295;S
20240430;104148;581.35;100;10239699296;S
20240430;104148;581.35;172;10239699297;S
20240430;104148;581.35;200;10239699298;S
20240430;104148;581.35;323;10239699299;S
20240430;104154;581.35;54;10239699839;S
20240430;104154;581.35;173;10239699840;S
20240430;104154;581.35;73;10239699841;S
20240430;104154;581.3;1;10239699843;S
20240430;104154;581.3;1;10239699844;S
20240430;104154;581.3;2;10239699845;S
20240430;104154;581.3;1;10239699846;S
20240430;104154;581.3;2;10239699847;S
20240430;104154;581.3;1;10239699848;S
20240430;104154;581.3;5;10239699849;S
20240430;104154;581.3;5;10239699850;S
20240430;104154;581.3;50;10239699851;S
20240430;104154;581.3;3;10239699852;S
20240430;104154;581.3;97;10239699853;S
20240430;104155;581.3;247;10239699878;S
20240430;104155;581.3;176;10239699879;S
20240430;104156;581.3;10;10239699957;S
20240430;104158;581.35;100;10239700075;B
20240430;104158;581.35;10;10239700092;B
20240430;104200;581.35;545;10239700217;B
20240430;104200;581.4;100;10239700218;B
20240430;104200;581.4;10;10239700219;B
20240430;104200;581.4;170;10239700220;B
20240430;104200;581.4;17;10239700221;B
20240430;104200;581.4;12;10239700222;B
20240430;104200;581.4;119;10239700223;B
20240430;104200;581.45;154;10239700224;B
20240430;104200;581.45;300;10239700225;B
20240430;104200;581.45;300;10239700226;B
20240430;104200;581.5;26;10239700227;B
20240430;104200;581.5;378;10239700228;B
20240430;104200;581.55;93;10239700229;B
20240430;104200;581.55;300;10239700230;B
20240430;104200;581.55;276;10239700231;B
20240430;104207;581.7;2;10239700907;B
20240430;104215;581.7;1;10239701407;B
20240430;104220;581.6;32;10239701834;S
20240430;104222;581.6;20;10239702090;S
20240430;104223;581.6;1;10239702094;S
20240430;104223;581.6;4;10239702177;S
20240430;104235;581.7;1;10239703027;B
20240430;104241;581.7;2;10239703547;B
20240430;104250;581.7;7;10239704070;B
20240430;104307;581.7;10;10239705246;B
20240430;104310;581.7;100;10239705414;B
20240430;104314;581.7;254;10239705641;B
20240430;104315;581.7;500;10239705717;B
20240430;104318;581.7;1;10239705892;B
20240430;104320;581.6;2;10239705998;S
20240430;104324;581.6;89;10239706250;S
20240430;104335;581.7;2;10239706956;B
20240430;104341;581.6;1;10239707442;S
20240430;104346;581.7;1;10239707671;B
20240430;104346;581.7;1;10239707743;B
20240430;104349;581.7;118;10239707982;B
20240430;104349;581.7;10;10239707983;B
20240430;104349;581.7;10;10239707984;B
20240430;104349;581.75;1;10239707987;B
20240430;104349;581.75;1;10239707988;B
20240430;104349;581.75;20;10239707989;B
20240430;104350;581.85;4;10239708013;B
20240430;104352;581.8;90;10239708205;S
20240430;104404;581.9;10;10239709132;B
20240430;104404;581.9;6;10239709133;B
20240430;104423;581.9;114;10239710651;S
20240430;104423;581.85;172;10239710652;S
20240430;104423;581.85;114;10239710653;S
20240430;104424;582;1;10239710689;B
20240430;104431;582;1;10239711151;B
20240430;104431;582.05;1;10239711152;B
20240430;104432;582.05;5;10239711234;B
20240430;104434;581.85;28;10239711314;S
20240430;104437;582.05;1;10239711477;B
20240430;104440;581.85;7;10239711741;S
20240430;104443;581.85;210;10239711945;B
20240430;104446;581.8;2;10239712172;S
20240430;104458;581.8;1;10239712953;S
20240430;104458;581.85;6;10239712957;B
20240430;104500;581.8;112;10239713139;S
20240430;104500;581.7;1;10239713201;S
20240430;104500;581.7;9;10239713208;S
20240430;104500;581.7;1;10239713217;S
20240430;104502;581.75;26;10239713336;B
20240430;104502;581.75;1;10239713350;B
20240430;104503;581.7;1;10239713523;S
20240430;104506;581.7;57;10239713718;S
20240430;104508;581.75;36;10239713880;B
20240430;104508;581.75;1;10239713881;B
20240430;104508;581.75;1;10239713882;B
20240430;104508;581.75;62;10239713883;B
20240430;104508;581.75;1;10239713895;B
20240430;104508;581.8;1;10239713899;B
20240430;104513;581.7;5;10239714157;S
20240430;104513;581.7;1;10239714241;S
20240430;104514;581.75;1;10239714305;B
20240430;104518;581.7;94;10239714595;S
20240430;104520;581.75;4;10239714740;B
20240430;104521;581.75;2;10239714757;B
20240430;104523;581.75;1;10239714924;B
20240430;104524;581.75;5;10239714993;B
20240430;104526;581.75;10;10239715050;B
20240430;104529;581.75;5;10239715219;B
20240430;104530;581.7;1;10239715243;S
20240430;104531;581.75;15;10239715319;B
20240430;104531;581.7;192;10239715326;S
20240430;104531;581.7;8;10239715327;S
20240430;104533;581.75;2;10239715421;B
20240430;104534;581.7;1;10239715467;S
20240430;104534;581.7;14;10239715473;S
20240430;104534;581.75;1;10239715492;B
20240430;104537;581.75;1;10239715661;B
20240430;104539;581.75;1;10239715738;B
20240430;104541;581.75;5;10239715825;B
20240430;104542;581.75;1;10239715914;B
20240430;104543;581.75;2;10239715941;B
20240430;104545;581.7;2;10239715988;S
20240430;104545;581.75;20;10239715994;B
20240430;104545;581.75;1;10239716014;B
20240430;104551;581.7;86;10239716280;S
20240430;104551;581.7;113;10239716281;S
20240430;104552;581.75;6;10239716307;B
20240430;104559;581.75;1;10239716715;B
20240430;104600;581.75;2;10239716842;B
20240430;104603;581.75;314;10239716993;B
20240430;104603;581.75;33;10239716994;B
20240430;104604;581.75;4;10239717058;B
20240430;104606;581.75;63;10239717116;B
20240430;104606;581.75;2;10239717117;B
20240430;104607;581.75;3;10239717215;S
20240430;104610;581.85;2;10239717356;B
20240430;104612;581.85;17;10239717466;B
20240430;104613;581.85;10;10239717493;B
20240430;104616;581.85;40;10239717654;B
20240430;104620;581.85;1;10239717989;B
20240430;104629;581.8;4;10239718473;S
20240430;104629;581.8;2;10239718508;S
20240430;104632;581.85;25;10239718656;B
20240430;104633;581.85;1;10239718716;B
20240430;104634;581.85;12;10239718734;B
20240430;104634;581.8;96;10239718736;S
20240430;104634;581.8;1;10239718756;B
20240430;104634;581.8;35;10239718758;B
20240430;104634;581.8;3;10239718768;B
20240430;104639;581.8;6;10239719055;B
20240430;104639;581.8;2;10239719100;B
20240430;104650;581.8;6;10239721001;B
20240430;104653;581.8;3;10239721273;B
20240430;104658;581.8;2;10239722073;B
20240430;104701;581.8;34;10239722364;B
20240430;104701;581.75;10;10239722371;S
20240430;104702;581.8;10;10239722402;B
20240430;104707;581.8;2;10239722819;B
20240430;104711;581.75;1;10239723284;S
20240430;104712;581.8;26;10239723699;B
20240430;104715;581.8;1;10239724388;B
20240430;104715;581.8;1;10239724390;B
20240430;104715;581.8;1;10239724391;B
20240430;104715;581.8;1;10239724392;B
20240430;104715;581.8;30;10239724394;B
20240430;104715;581.8;1;10239724396;B
20240430;104715;581.8;1;10239724397;B
20240430;104715;581.8;1;10239724398;B
20240430;104715;581.8;1;10239724399;B
20240430;104715;581.8;1;10239724400;B
20240430;104715;581.8;2;10239724401;B
20240430;104715;581.8;1;10239724402;B
20240430;104715;581.8;5;10239724403;B
20240430;104715;581.8;1;10239724404;B
20240430;104715;581.8;2;10239724405;B
20240430;104715;581.8;5;10239724406;B
20240430;104715;581.8;3;10239724407;B
20240430;104715;581.8;1;10239724408;B
20240430;104715;581.8;1;10239724410;B
20240430;104715;581.8;1;10239724411;B
20240430;104715;581.8;2;10239724412;B
20240430;104715;581.8;1;10239724413;B
20240430;104715;581.8;1;10239724414;B
20240430;104715;581.8;12;10239724415;B
20240430;104715;581.8;29;10239724416;B
20240430;104715;581.8;4;10239724417;B
20240430;104715;581.8;2;10239724418;B
20240430;104715;581.8;2;10239724419;B
20240430;104715;581.8;5;10239724420;B
20240430;104715;581.8;1;10239724421;B
20240430;104715;581.8;2;10239724425;B
20240430;104715;581.8;1;10239724426;B
20240430;104715;581.8;1;10239724427;B
20240430;104715;581.8;1;10239724428;B
20240430;104715;581.8;2;10239724429;B
20240430;104715;581.8;1;10239724430;B
20240430;104715;581.8;3;10239724431;B
20240430;104715;581.8;3;10239724432;B
20240430;104715;581.8;1;10239724433;B
20240430;104715;581.8;1;10239724436;B
20240430;104715;581.8;1;10239724437;B
20240430;104715;581.8;2;10239724438;B
20240430;104715;581.8;1;10239724439;B
20240430;104715;581.8;2;10239724440;B
20240430;104715;581.8;2;10239724442;B
20240430;104715;581.8;1;10239724443;B
20240430;104716;581.8;2;10239724450;B
20240430;104716;581.8;1;10239724453;B
20240430;104716;581.8;1;10239724459;B
20240430;104716;581.8;5;10239724460;B
20240430;104716;581.8;4;10239724473;B
20240430;104716;581.8;2;10239724474;B
20240430;104716;581.8;1;10239724572;B
20240430;104716;581.8;1;10239724603;B
20240430;104716;581.8;1;10239724606;B
20240430;104716;581.8;1;10239724611;B
20240430;104716;581.8;1;10239724626;B
20240430;104716;581.8;2;10239724628;B
20240430;104716;581.8;1;10239724631;B
20240430;104716;581.8;4;10239724635;B
20240430;104716;581.8;1;10239724636;B
20240430;104716;581.8;1;10239724637;B
20240430;104716;581.85;4;10239724638;B
20240430;104716;581.85;5;10239724639;B
20240430;104716;581.85;1;10239724642;B
20240430;104716;581.85;1;10239724643;B
20240430;104716;581.85;1;10239724652;B
