<DATE>;<TIME>;<LAST>;<VOL>;<ID>;<OPER>
20240124;095941;580.350000000;1;9459158087;B
20240124;095941;580.350000000;2;9459158088;B
20240124;095941;580.350000000;1;9459158089;B
20240124;095941;580.350000000;3;9459158090;B
20240124;095941;580.350000000;1;9459158091;S
20240124;095941;580.350000000;4;9459158092;S
20240124;095941;580.350000000;1;9459158093;B
20240124;095941;580.350000000;8;9459158094;B
20240124;095941;580.350000000;2;9459158095;B
20240124;095941;580.350000000;1;9459158096;B
20240124;095941;580.350000000;2;9459158097;B
20240124;095941;580.350000000;2;9459158098;S
20240124;095941;580.350000000;1;9459158099;S
20240124;095941;580.350000000;35;9459158100;S
20240124;095941;580.350000000;3;9459158101;S
20240124;095941;580.350000000;2;9459158102;S
20240124;095941;580.350000000;6;9459158103;S
20240124;095941;580.350000000;2;9459158104;B
20240124;095941;580.350000000;2;9459158105;B
20240124;095941;580.350000000;20;9459158106;B
20240124;095941;580.350000000;5;9459158107;B
20240124;095941;580.350000000;1;9459158108;B
20240124;095941;580.350000000;1;9459158109;B
20240124;095941;580.350000000;2;9459158110;B
20240124;095941;580.350000000;5;9459158111;B
20240124;095941;580.350000000;1;9459158112;B
20240124;095941;580.350000000;3;9459158113;B
20240124;095941;580.350000000;1;9459158114;B
20240124;095941;580.350000000;5;9459158115;B
20240124;095941;580.350000000;41;9459158116;B
20240124;095941;580.350000000;1;9459158117;B
20240124;095941;580.350000000;8;9459158118;B
20240124;095941;580.350000000;2;9459158119;B
20240124;095941;580.350000000;2;9459158120;B
20240124;095941;580.350000000;1;9459158121;B
20240124;095941;580.350000000;2;9459158122;B
20240124;095941;580.350000000;3;9459158123;B
20240124;095941;580.350000000;1;9459158124;S
20240124;095941;580.350000000;1;9459158125;S
20240124;095941;580.350000000;2;9459158126;B
20240124;095941;580.350000000;2;9459158127;B
20240124;095941;580.350000000;1;9459158128;B
20240124;095941;580.350000000;1;9459158129;B
20240124;095941;580.350000000;2;9459158130;B
20240124;095941;580.350000000;1;9459158131;B
20240124;095941;580.350000000;141;9459158132;B
20240124;095941;580.350000000;1;9459158133;B
20240124;095941;580.350000000;100;9459158134;B
20240124;095941;580.350000000;100;9459158135;B
20240124;095941;580.350000000;229;9459158136;B
20240124;095941;580.350000000;1;9459158137;B
20240124;095941;580.350000000;1;9459158138;B
20240124;095941;580.350000000;1;9459158139;B
20240124;095941;580.350000000;3;9459158140;B
20240124;095941;580.350000000;10;9459158141;B
20240124;095941;580.350000000;2;9459158142;B
20240124;095941;580.350000000;1;9459158143;B
20240124;095941;580.350000000;5;9459158144;S
20240124;095941;580.350000000;6;9459158145;B
20240124;095941;580.350000000;2;9459158146;B
20240124;095941;580.350000000;2;9459158147;B
20240124;095941;580.350000000;5;9459158148;B
20240124;095941;580.350000000;1;9459158149;B
20240124;095941;580.350000000;1;9459158150;S
20240124;095941;580.350000000;46;9459158151;S
20240124;095941;580.350000000;100;9459158152;B
20240124;095941;580.350000000;3;9459158153;S
20240124;095941;580.350000000;3;9459158154;S
20240124;095941;580.350000000;10;9459158155;B
20240124;095941;580.350000000;1;9459158156;B
20240124;095941;580.350000000;1;9459158157;B
20240124;095941;580.350000000;3;9459158158;S
20240124;095941;580.350000000;3;9459158159;S
20240124;095941;580.350000000;3;9459158160;S
20240124;095941;580.350000000;3;9459158161;S
20240124;095941;580.350000000;3;9459158162;S
20240124;095941;580.350000000;50;9459158163;B
20240124;095941;580.350000000;1;9459158164;S
20240124;095941;580.350000000;3;9459158165;S
20240124;095941;580.350000000;3;9459158166;S
20240124;095941;580.350000000;3;9459158167;S
20240124;095941;580.350000000;2;9459158168;B
20240124;095941;580.350000000;2;9459158169;B
20240124;095941;580.350000000;2;9459158170;B
20240124;100000;580.350000000;137;9459163167;S
20240124;100000;580.350000000;348;9459163235;S
20240124;100000;580.400000000;100;9459163368;B
20240124;100000;580.400000000;34;9459163369;B
20240124;100000;580.400000000;18;9459163402;S
20240124;100000;580.400000000;48;9459163432;S
20240124;100000;580.400000000;200;9459163433;S
20240124;100000;580.400000000;100;9459163434;S
20240124;100000;580.300000000;152;9459163435;S
20240124;100000;580.350000000;23;9459163463;S
20240124;100000;580.300000000;5;9459163464;S
20240124;100000;580.350000000;4;9459163767;B
20240124;100000;580.350000000;1;9459163768;B
20240124;100000;580.450000000;5;9459163769;B
20240124;100001;580.300000000;3;9459164164;S
20240124;100001;580.300000000;2;9459164165;B
20240124;100001;580.250000000;2;9459164381;S
20240124;100002;580.250000000;2;9459164500;S
20240124;100002;580.450000000;11;9459164681;B
20240124;100002;580.450000000;16;9459164682;B
20240124;100002;580.500000000;40;9459164683;B
20240124;100002;580.500000000;33;9459164684;B
20240124;100002;580.500000000;9;9459164743;B
20240124;100002;580.500000000;1;9459164946;B
20240124;100003;580.500000000;26;9459165074;B
20240124;100003;580.500000000;1;9459165075;B
20240124;100003;580.500000000;7;9459165076;B
20240124;100003;580.500000000;9;9459165102;B
20240124;100004;580.450000000;1;9459165416;B
20240124;100004;580.450000000;1;9459165417;B
20240124;100004;580.400000000;3;9459165418;S
20240124;100004;580.450000000;2;9459165421;B
20240124;100004;580.450000000;2;9459165422;B
20240124;100004;580.450000000;2;9459165423;B
20240124;100004;580.450000000;4;9459165429;B
20240124;100004;580.450000000;2;9459165740;B
20240124;100004;580.450000000;2;9459165741;B
20240124;100004;580.400000000;1;9459165742;S
20240124;100004;580.450000000;2;9459165743;B
20240124;100004;580.400000000;4;9459165744;S
20240124;100004;580.450000000;2;9459166048;B
20240124;100004;580.450000000;1;9459166049;B
20240124;100004;580.400000000;1;9459166071;S
20240124;100004;580.400000000;2;9459166072;S
20240124;100005;580.450000000;2;9459166379;B
20240124;100005;580.450000000;2;9459166383;B
20240124;100005;580.400000000;2;9459166385;S
20240124;100005;580.450000000;1;9459166386;B
20240124;100005;580.450000000;1;9459166388;B
20240124;100005;580.400000000;2;9459166391;S
20240124;100005;580.400000000;4;9459166395;S
20240124;100005;580.450000000;5;9459166709;B
20240124;100005;580.450000000;2;9459166711;B
20240124;100005;580.400000000;2;9459166717;S
20240124;100005;580.450000000;2;9459166720;B
20240124;100005;580.400000000;20;9459166790;S
20240124;100005;580.450000000;2;9459166800;B
20240124;100005;580.400000000;1;9459166807;S
20240124;100005;580.450000000;1;9459166826;B
20240124;100005;580.400000000;2;9459166827;S
20240124;100005;580.400000000;2;9459166828;S
20240124;100005;580.400000000;2;9459166829;S
20240124;100005;580.400000000;52;9459166830;S
20240124;100005;580.300000000;14;9459166831;S
20240124;100005;580.250000000;1;9459166832;S
20240124;100005;580.250000000;2;9459166833;S
20240124;100005;580.250000000;3;9459166834;S
20240124;100005;580.250000000;1;9459166835;S
20240124;100005;580.250000000;3;9459166836;S
20240124;100005;580.250000000;1;9459166837;S
20240124;100005;580.250000000;4;9459166838;S
20240124;100005;580.250000000;1;9459166839;S
20240124;100005;580.450000000;2;9459166840;B
20240124;100005;580.450000000;1;9459167248;B
20240124;100005;580.300000000;3;9459167256;S
20240124;100005;580.450000000;1;9459167261;B
20240124;100005;580.450000000;2;9459167267;B
20240124;100005;580.450000000;1;9459167272;B
20240124;100005;580.450000000;2;9459167280;B
20240124;100005;580.450000000;2;9459167283;B
20240124;100005;580.450000000;1;9459167289;B
20240124;100005;580.450000000;5;9459167290;B
20240124;100005;580.300000000;2;9459167296;S
20240124;100005;580.450000000;2;9459167301;B
20240124;100005;580.450000000;40;9459167347;B
20240124;100005;580.500000000;4;9459167348;B
20240124;100005;580.500000000;18;9459167349;B
20240124;100005;580.500000000;3;9459167380;B
20240124;100005;580.300000000;99;9459167385;S
20240124;100005;580.300000000;2;9459167389;S
20240124;100005;580.500000000;2;9459167459;B
20240124;100005;580.300000000;5;9459167460;S
20240124;100005;580.500000000;2;9459167470;B
20240124;100005;580.300000000;2;9459167473;S
20240124;100005;580.500000000;5;9459167479;B
20240124;100005;580.500000000;1;9459167481;B
20240124;100005;580.500000000;2;9459167606;B
20240124;100005;580.500000000;1;9459167609;B
20240124;100005;580.300000000;2;9459167610;S
20240124;100005;580.500000000;1;9459167616;B
20240124;100005;580.500000000;1;9459167618;B
20240124;100005;580.300000000;1;9459167619;S
20240124;100005;580.300000000;2;9459167626;S
20240124;100005;580.300000000;2;9459167629;S
20240124;100005;580.500000000;1;9459167631;B
20240124;100005;580.500000000;2;9459167632;B
20240124;100005;580.500000000;2;9459167633;B
20240124;100005;580.500000000;2;9459167638;B
20240124;100005;580.500000000;47;9459167639;B
20240124;100005;580.500000000;5;9459167640;B
20240124;100005;580.300000000;2;9459167719;S
20240124;100005;580.550000000;1;9459167720;B
20240124;100005;580.300000000;1;9459167722;S
20240124;100005;580.550000000;2;9459167723;B
20240124;100005;580.550000000;1;9459167727;B
20240124;100005;580.550000000;1;9459167728;B
20240124;100005;580.600000000;1;9459167729;B
20240124;100005;580.600000000;2;9459167730;B
20240124;100005;580.600000000;2;9459167732;B
20240124;100005;580.300000000;2;9459167733;S
20240124;100005;580.300000000;2;9459167734;S
20240124;100005;580.600000000;2;9459167736;B
20240124;100005;580.300000000;2;9459167820;S
20240124;100005;580.300000000;2;9459167821;S
20240124;100005;580.600000000;2;9459167822;B
20240124;100005;580.300000000;2;9459167825;S
20240124;100005;580.600000000;2;9459167827;B
20240124;100005;580.600000000;3;9459167837;B
20240124;100005;580.600000000;2;9459167838;B
20240124;100005;580.300000000;1;9459167839;S
20240124;100005;580.600000000;2;9459167840;B
20240124;100005;580.600000000;2;9459167842;B
20240124;100005;580.600000000;1;9459168055;B
20240124;100005;580.600000000;1;9459168056;B
20240124;100005;580.600000000;1;9459168057;B
20240124;100005;580.600000000;1;9459168058;B
20240124;100005;580.300000000;5;9459168059;S
20240124;100005;580.300000000;1;9459168060;S
20240124;100005;580.300000000;2;9459168062;S
20240124;100005;580.300000000;33;9459168063;S
20240124;100005;580.300000000;2;9459168066;S
20240124;100005;580.600000000;2;9459168157;B
20240124;100005;580.600000000;2;9459168162;B
20240124;100005;580.600000000;1;9459168165;B
20240124;100006;580.600000000;3;9459168235;B
20240124;100006;580.600000000;6;9459168238;B
20240124;100006;580.600000000;13;9459168313;B
20240124;100006;580.600000000;120;9459168353;B
20240124;100006;580.600000000;4;9459168375;B
20240124;100006;580.550000000;96;9459168387;S
20240124;100006;580.550000000;3;9459168476;S
20240124;100006;580.600000000;1;9459168477;B
20240124;100006;580.650000000;1;9459168478;B
20240124;100006;580.650000000;3;9459168479;B
20240124;100006;580.600000000;1;9459168480;B
20240124;100006;580.600000000;2;9459168481;B
20240124;100006;580.600000000;20;9459168482;B
20240124;100006;580.600000000;5;9459168483;B
20240124;100006;580.600000000;1;9459168484;B
20240124;100006;580.600000000;10;9459168685;B
20240124;100006;580.600000000;2;9459168686;B
20240124;100006;580.550000000;2;9459168687;S
20240124;100006;580.600000000;2;9459168688;B
20240124;100006;580.600000000;1;9459168807;B
20240124;100006;580.600000000;1;9459168808;B
20240124;100006;580.550000000;2;9459168809;S
20240124;100006;580.600000000;10;9459168810;B
20240124;100006;580.600000000;3;9459168950;B
20240124;100006;580.550000000;51;9459168951;S
20240124;100006;580.550000000;2;9459168952;S
20240124;100006;580.600000000;2;9459168953;B
20240124;100006;580.600000000;1;9459168963;B
20240124;100006;580.600000000;2;9459169014;B
20240124;100007;580.600000000;1;9459169070;B
20240124;100007;580.550000000;52;9459169169;S
20240124;100007;580.600000000;2;9459169170;B
20240124;100007;580.600000000;1;9459169171;B
20240124;100007;580.600000000;5;9459169172;B
20240124;100007;580.550000000;2;9459169173;S
20240124;100007;580.600000000;2;9459169174;B
20240124;100007;580.600000000;2;9459169175;B
20240124;100007;580.550000000;1;9459169337;S
20240124;100007;580.550000000;1;9459169467;S
20240124;100007;580.550000000;22;9459169468;S
20240124;100007;580.600000000;1;9459169469;B
20240124;100007;580.550000000;2;9459169470;S
20240124;100007;580.600000000;2;9459169471;B
20240124;100007;580.600000000;2;9459169472;B
20240124;100007;580.550000000;1;9459169473;S
20240124;100008;580.550000000;1;9459169942;S
20240124;100009;580.550000000;1;9459170024;S
20240124;100009;580.600000000;2;9459170246;B
20240124;100010;580.550000000;149;9459170927;S
20240124;100011;580.550000000;5;9459171091;S
20240124;100012;580.550000000;1;9459171434;S
20240124;100012;580.600000000;55;9459171484;B
20240124;100012;580.600000000;15;9459171550;B
20240124;100013;580.550000000;6;9459171650;S
20240124;100015;580.600000000;5;9459172135;B
20240124;100018;580.600000000;10;9459172749;B
20240124;100019;580.550000000;223;9459172891;S
20240124;100019;580.550000000;1;9459172892;S
20240124;100019;580.550000000;12;9459172893;S
20240124;100022;580.550000000;264;9459173493;B
20240124;100022;580.550000000;28;9459173494;B
20240124;100022;580.550000000;2;9459173495;B
20240124;100022;580.600000000;13;9459173496;B
20240124;100023;580.650000000;1;9459174075;B
20240124;100024;580.650000000;2;9459174428;B
20240124;100026;580.650000000;300;9459174898;B
20240124;100029;580.650000000;2;9459175493;B
20240124;100029;580.650000000;250;9459175560;B
20240124;100030;580.600000000;1;9459175611;S
20240124;100031;580.600000000;150;9459175868;S
20240124;100032;580.650000000;400;9459175909;B
20240124;100032;580.600000000;1;9459176022;S
20240124;100033;580.600000000;1;9459176262;S
20240124;100034;580.600000000;340;9459176499;S
20240124;100034;580.600000000;2;9459176500;S
20240124;100034;580.600000000;1;9459176501;S
20240124;100034;580.600000000;41;9459176502;S
20240124;100035;580.500000000;1;9459176737;S
20240124;100035;580.500000000;2;9459176800;S
20240124;100035;580.500000000;1;9459176801;S
20240124;100036;580.500000000;97;9459176895;B
20240124;100036;580.550000000;430;9459176896;B
20240124;100036;580.600000000;973;9459176897;B
20240124;100036;580.600000000;19;9459177072;B
20240124;100037;580.600000000;68;9459177272;B
20240124;100038;580.550000000;1;9459177535;B
20240124;100039;580.600000000;500;9459177755;B
20240124;100040;580.550000000;1;9459177807;S
20240124;100040;580.550000000;60;9459177868;S
20240124;100040;580.550000000;100;9459177892;S
20240124;100040;580.550000000;339;9459178009;S
20240124;100040;580.500000000;35;9459178010;S
20240124;100040;580.500000000;73;9459178011;S
20240124;100041;580.500000000;1;9459178053;B
20240124;100042;580.350000000;2;9459178350;S
20240124;100043;580.400000000;1;9459178598;B
20240124;100044;580.400000000;1;9459179298;B
20240124;100044;580.500000000;4;9459179299;B
20240124;100044;580.350000000;83;9459179335;S
20240124;100044;580.300000000;200;9459179336;S
20240124;100044;580.300000000;72;9459179337;S
20240124;100044;580.250000000;137;9459179338;S
20240124;100044;580.250000000;2;9459179339;S
20240124;100044;580.200000000;80;9459179340;S
20240124;100044;580.200000000;137;9459179341;S
20240124;100044;580.200000000;289;9459179342;B
20240124;100045;580.500000000;1;9459179379;B
20240124;100046;580.500000000;2;9459179803;B
20240124;100046;580.550000000;442;9459179804;B
20240124;100048;580.500000000;10;9459180178;B
20240124;100050;580.300000000;1;9459180446;S
20240124;100053;580.500000000;2;9459181238;B
20240124;100055;580.350000000;2;9459181413;S
20240124;100055;580.450000000;100;9459181471;B
20240124;100056;580.350000000;5;9459181596;S
20240124;100056;580.350000000;9;9459181610;S
20240124;100056;580.450000000;100;9459181618;B
20240124;100056;580.450000000;1;9459181739;B
20240124;100057;580.500000000;3;9459181976;B
20240124;100101;580.300000000;1;9459182846;S
20240124;100101;580.300000000;63;9459182847;S
20240124;100103;580.300000000;8;9459183097;B
20240124;100103;580.250000000;7;9459183168;S
20240124;100104;580.300000000;2;9459183197;B
20240124;100104;580.300000000;26;9459183198;B
20240124;100106;580.300000000;18;9459183677;S
20240124;100108;580.250000000;1;9459184058;S
20240124;100109;580.250000000;4;9459184304;S
20240124;100117;580.300000000;42;9459185507;B
20240124;100117;580.300000000;8;9459185543;B
20240124;100117;580.300000000;11;9459185576;S
20240124;100118;580.300000000;2;9459185676;B
20240124;100118;580.300000000;2;9459185735;B
20240124;100119;580.300000000;3;9459185845;B
20240124;100120;580.250000000;86;9459186031;S
20240124;100120;580.250000000;200;9459186032;S
20240124;100120;580.250000000;137;9459186033;S
20240124;100120;580.200000000;100;9459186034;S
20240124;100120;580.200000000;100;9459186035;S
20240124;100120;580.200000000;1550;9459186036;S
20240124;100120;580.200000000;137;9459186037;S
20240124;100120;580.200000000;278;9459186038;S
20240124;100121;580.250000000;3;9459186236;S
20240124;100122;580.300000000;1;9459186342;B
20240124;100124;580.250000000;134;9459186651;S
20240124;100128;580.200000000;1;9459187464;S
20240124;100128;580.250000000;3;9459187467;B
20240124;100131;580.200000000;2;9459188345;S
20240124;100134;580.200000000;10;9459188816;B
20240124;100136;580.150000000;6;9459189166;B
20240124;100138;580.100000000;1;9459189402;S
20240124;100140;580.100000000;16;9459189776;S
20240124;100140;580.100000000;33;9459189777;S
20240124;100140;580.150000000;1;9459189802;B
20240124;100143;580.150000000;4;9459190228;B
20240124;100143;580.100000000;11;9459190318;S
20240124;100146;580.100000000;5;9459190633;S
20240124;100147;580.150000000;4;9459190814;B
20240124;100149;580.150000000;1;9459191281;S
20240124;100150;580.200000000;1;9459191346;B
20240124;100150;580.150000000;1;9459191379;S
20240124;100151;580.200000000;1;9459191546;B
20240124;100155;580.150000000;2;9459192110;S
20240124;100155;580.150000000;5;9459192119;S
20240124;100157;580.150000000;7;9459192467;S
20240124;100157;580.150000000;2;9459192468;S
20240124;100157;580.100000000;51;9459192469;S
20240124;100157;580.100000000;2;9459192470;S
20240124;100158;580.050000000;1;9459192705;S
20240124;100158;580.050000000;10;9459192710;S
20240124;100158;580.100000000;1;9459192725;B
20240124;100158;580.100000000;2;9459192757;B
20240124;100159;580.050000000;45;9459192994;S
20240124;100159;580.050000000;9;9459192995;S
20240124;100159;580.050000000;12;9459193036;S
20240124;100200;580.050000000;2;9459193140;S
20240124;100200;580.100000000;10;9459193256;B
20240124;100200;580.250000000;1;9459193257;B
20240124;100200;580.250000000;1;9459193258;B
20240124;100200;580.300000000;8;9459193259;B
20240124;100200;580.050000000;2;9459193263;S
20240124;100203;580.100000000;1;9459193638;B
20240124;100203;580.050000000;1;9459193656;S
20240124;100205;580.000000000;1;9459194024;S
20240124;100205;580.000000000;1;9459194025;S
20240124;100206;580.000000000;1;9459194035;S
20240124;100206;580.050000000;10;9459194061;B
20240124;100207;580.100000000;100;9459194303;B
20240124;100208;580.100000000;3;9459194442;B
20240124;100208;580.050000000;1;9459194452;S
20240124;100208;580.000000000;3;9459194543;S
20240124;100208;580.000000000;32;9459194544;S
20240124;100211;580.000000000;100;9459194897;S
20240124;100212;580.100000000;1;9459195121;B
20240124;100214;580.100000000;1;9459195447;B
20240124;100217;580.000000000;5;9459195860;S
20240124;100224;580.000000000;100;9459196919;S
20240124;100224;580.050000000;1;9459196936;B
20240124;100224;580.000000000;1;9459196944;S
20240124;100224;580.000000000;1;9459196989;S
20240124;100227;580.000000000;1;9459197278;S
20240124;100228;580.050000000;1;9459197439;B
20240124;100228;580.050000000;91;9459197443;B
20240124;100230;580.050000000;10;9459197752;B
20240124;100230;580.000000000;4;9459197766;S
20240124;100234;580.050000000;7;9459198308;B
20240124;100237;580.000000000;6;9459198690;S
20240124;100239;580.000000000;23;9459199013;S
20240124;100240;580.100000000;1;9459199141;B
20240124;100241;580.000000000;35;9459199184;S
20240124;100241;580.100000000;54;9459199354;B
20240124;100241;580.100000000;1;9459199355;B
20240124;100245;580.150000000;2;9459199865;B
20240124;100246;580.100000000;1;9459199978;S
20240124;100254;580.150000000;1;9459200987;S
20240124;100254;580.100000000;35;9459200988;S
20240124;100254;580.100000000;106;9459200989;S
20240124;100254;580.100000000;3;9459200990;S
20240124;100254;580.100000000;374;9459200991;S
20240124;100254;580.050000000;200;9459200992;S
20240124;100254;580.050000000;181;9459200993;S
20240124;100257;580.000000000;25;9459201432;S
20240124;100301;580.150000000;1;9459202245;B
20240124;100303;580.050000000;2;9459202542;S
20240124;100305;580.050000000;50;9459202809;S
20240124;100305;580.150000000;57;9459202820;B
20240124;100308;580.150000000;105;9459203338;B
20240124;100308;580.200000000;1;9459203339;B
20240124;100308;580.200000000;224;9459203340;B
20240124;100308;580.250000000;70;9459203341;B
20240124;100308;580.250000000;5;9459203356;B
20240124;100310;580.250000000;4;9459203705;B
20240124;100312;580.250000000;1;9459204032;B
20240124;100320;580.050000000;10;9459205083;S
20240124;100320;580.050000000;7;9459205100;S
20240124;100324;580.050000000;80;9459205730;S
20240124;100325;580.250000000;9;9459205862;B
20240124;100326;580.250000000;35;9459206043;B
20240124;100326;580.250000000;150;9459206094;B
20240124;100326;580.300000000;12;9459206095;B
20240124;100326;580.300000000;10;9459206096;B
20240124;100329;580.050000000;1;9459206475;S
20240124;100333;580.050000000;9;9459207003;S
20240124;100339;580.200000000;2;9459207970;B
20240124;100341;580.200000000;7;9459208318;B
20240124;100342;580.250000000;20;9459208442;S
20240124;100343;580.250000000;1;9459208522;S
20240124;100344;580.300000000;20;9459208648;B
20240124;100348;580.300000000;3;9459209235;B
20240124;100348;580.250000000;2;9459209249;S
20240124;100349;580.250000000;2;9459209496;S
20240124;100351;580.300000000;22;9459209925;B
20240124;100351;580.300000000;9;9459209926;B
20240124;100351;580.300000000;1;9459209927;B
20240124;100351;580.400000000;10;9459209928;B
20240124;100351;580.500000000;1;9459209929;B
20240124;100351;580.500000000;20;9459209930;B
20240124;100351;580.500000000;1;9459209931;B
20240124;100351;580.500000000;50;9459209932;B
20240124;100351;580.550000000;1;9459209933;B
20240124;100351;580.550000000;12;9459209934;B
20240124;100351;580.550000000;184;9459209935;B
20240124;100351;580.550000000;376;9459209936;B
20240124;100351;580.550000000;28;9459209937;B
20240124;100351;580.600000000;50;9459209938;B
20240124;100351;580.600000000;100;9459209939;B
20240124;100351;580.600000000;150;9459209940;B
20240124;100351;580.600000000;500;9459209941;B
20240124;100351;580.600000000;3;9459209942;B
20240124;100351;580.600000000;60;9459209943;B
20240124;100351;580.600000000;70;9459209944;S
20240124;100352;580.600000000;1;9459210132;S
20240124;100356;580.650000000;5;9459210721;B
20240124;100357;580.600000000;1;9459210997;S
20240124;100357;580.650000000;3036;9459211009;B
20240124;100357;580.650000000;1;9459211010;B
20240124;100357;580.650000000;25;9459211011;B
20240124;100357;580.650000000;16;9459211012;B
20240124;100357;580.650000000;25;9459211013;B
20240124;100357;580.650000000;1;9459211014;B
20240124;100357;580.700000000;1;9459211015;B
20240124;100357;580.700000000;1400;9459211016;B
20240124;100357;580.700000000;1400;9459211017;B
20240124;100357;580.700000000;60;9459211018;B
20240124;100357;580.700000000;60;9459211042;S
20240124;100358;580.750000000;4;9459211074;B
20240124;100358;580.750000000;2;9459211075;B
20240124;100358;580.750000000;80;9459211076;B
20240124;100358;580.750000000;1;9459211077;B
20240124;100358;580.750000000;3;9459211078;B
20240124;100358;580.800000000;1;9459211079;B
20240124;100358;580.850000000;16;9459211080;B
20240124;100358;580.850000000;6;9459211081;B
20240124;100358;580.850000000;5;9459211082;B
20240124;100358;580.850000000;3;9459211083;B
20240124;100358;580.900000000;19;9459211084;B
20240124;100358;580.900000000;1;9459211085;B
20240124;100358;580.900000000;1;9459211086;B
20240124;100358;580.900000000;25;9459211087;B
20240124;100358;580.900000000;10;9459211088;B
20240124;100358;580.900000000;3;9459211100;B
20240124;100358;580.750000000;518;9459211107;S
20240124;100358;580.700000000;546;9459211108;S
20240124;100358;580.650000000;295;9459211109;S
20240124;100358;580.600000000;1091;9459211110;S
20240124;100358;580.900000000;64;9459211114;B
20240124;100358;580.900000000;50;9459211115;B
20240124;100358;580.700000000;6;9459211141;B
20240124;100358;580.900000000;244;9459211142;B
20240124;100358;580.650000000;1;9459211147;S
20240124;100358;580.850000000;1;9459211176;S
20240124;100358;580.850000000;60;9459211183;S
20240124;100358;580.900000000;4;9459211185;B
20240124;100358;580.950000000;7;9459211186;B
20240124;100358;580.950000000;50;9459211187;B
20240124;100358;580.950000000;3;9459211188;B
20240124;100358;580.950000000;3;9459211189;B
20240124;100358;580.950000000;15;9459211190;B
20240124;100358;580.950000000;1;9459211191;B
20240124;100358;580.950000000;1;9459211192;B
20240124;100358;580.950000000;4;9459211193;B
20240124;100358;580.950000000;1;9459211194;B
20240124;100358;580.950000000;50;9459211195;B
20240124;100358;580.950000000;188;9459211196;B
20240124;100358;581.000000000;1;9459211197;B
20240124;100358;581.000000000;104;9459211198;B
20240124;100358;581.000000000;20;9459211199;B
20240124;100358;581.000000000;1;9459211200;B
20240124;100358;581.000000000;1;9459211201;B
20240124;100358;581.000000000;1;9459211202;B
20240124;100358;581.000000000;1;9459211203;B
20240124;100358;581.000000000;1;9459211204;B
20240124;100358;581.000000000;1;9459211205;B
20240124;100358;581.000000000;9;9459211206;B
20240124;100358;581.000000000;3;9459211207;B
20240124;100358;581.000000000;3;9459211208;B
20240124;100358;581.000000000;2;9459211209;B
20240124;100358;581.000000000;5;9459211210;B
20240124;100358;581.000000000;400;9459211211;B
20240124;100358;581.000000000;2;9459211212;B
20240124;100358;581.000000000;618;9459211213;B
20240124;100358;580.900000000;20;9459211221;S
20240124;100358;580.900000000;1;9459211229;S
20240124;100358;580.900000000;60;9459211256;S
20240124;100358;580.900000000;10;9459211262;S
20240124;100358;581.000000000;25;9459211263;B
20240124;100359;580.900000000;10;9459211283;S
20240124;100359;580.850000000;3;9459211335;S
20240124;100359;580.950000000;20;9459211336;B
20240124;100359;580.950000000;80;9459211338;B
20240124;100359;580.950000000;20;9459211339;B
20240124;100359;580.950000000;5;9459211341;B
20240124;100359;580.950000000;6;9459211357;B
20240124;100359;580.950000000;6;9459211359;B
20240124;100359;580.850000000;93;9459211360;S
20240124;100359;580.950000000;1;9459211361;B
20240124;100359;580.850000000;6;9459211362;S
20240124;100359;580.950000000;2;9459211363;B
20240124;100359;580.950000000;160;9459211368;B
20240124;100359;580.950000000;40;9459211369;B
20240124;100400;580.900000000;56;9459211621;S
20240124;100400;580.900000000;205;9459211624;S
20240124;100401;580.900000000;15;9459211650;B
20240124;100401;580.850000000;2;9459211653;S
20240124;100401;580.900000000;10;9459211688;B
20240124;100401;580.850000000;1;9459211692;S
20240124;100401;580.850000000;35;9459211711;S
20240124;100401;580.850000000;60;9459211719;S
20240124;100401;580.850000000;60;9459211754;S
20240124;100402;580.850000000;60;9459211787;S
20240124;100402;580.850000000;1;9459211944;S
20240124;100402;580.850000000;2;9459211948;S
20240124;100402;580.850000000;7;9459211966;S
20240124;100403;580.850000000;2;9459212225;S
20240124;100405;580.850000000;3;9459212484;S
20240124;100405;580.850000000;2;9459212488;S
20240124;100405;580.850000000;9;9459212515;S
20240124;100406;580.900000000;10;9459212654;B
20240124;100408;580.900000000;1;9459212889;S
20240124;100408;580.900000000;39;9459213067;S
20240124;100408;580.900000000;40;9459213068;S
20240124;100408;580.850000000;521;9459213069;S
20240124;100409;580.850000000;62;9459213131;S
20240124;100409;580.850000000;60;9459213167;S
20240124;100409;580.850000000;60;9459213205;S
20240124;100409;580.850000000;60;9459213226;S
20240124;100410;580.850000000;30;9459213270;S
20240124;100410;580.850000000;30;9459213271;S
20240124;100410;580.850000000;60;9459213342;S
20240124;100410;580.850000000;60;9459213356;S
20240124;100410;580.850000000;60;9459213393;S
20240124;100410;580.850000000;60;9459213405;S
20240124;100410;580.850000000;382;9459213414;S
20240124;100410;580.850000000;60;9459213435;S
20240124;100416;580.900000000;55;9459214419;S
20240124;100416;580.850000000;5;9459214420;S
20240124;100416;580.850000000;60;9459214447;S
20240124;100417;580.850000000;60;9459214511;S
20240124;100417;580.950000000;21;9459214536;B
20240124;100417;580.850000000;60;9459214542;S
20240124;100417;580.850000000;60;9459214585;S
20240124;100418;580.900000000;60;9459214764;B
20240124;100418;580.900000000;55;9459214765;B
20240124;100418;580.950000000;52;9459214766;B
20240124;100418;580.950000000;233;9459214767;B
20240124;100418;580.850000000;10;9459215016;S
20240124;100419;580.950000000;1;9459215066;B
20240124;100421;580.950000000;86;9459215537;B
20240124;100423;580.950000000;1;9459215821;B
20240124;100423;580.950000000;37;9459215822;B
20240124;100425;580.950000000;2;9459216358;B
20240124;100426;580.950000000;500;9459216492;B
20240124;100428;580.850000000;1;9459216922;S
20240124;100428;580.950000000;60;9459217027;B
20240124;100428;580.950000000;90;9459217028;B
20240124;100428;580.950000000;84;9459217029;B
20240124;100428;580.950000000;50;9459217030;B
20240124;100431;580.950000000;10;9459217553;S
20240124;100433;580.950000000;6;9459218124;B
20240124;100434;580.900000000;1;9459218129;S
20240124;100434;580.900000000;1;9459218144;B
20240124;100436;580.950000000;84;9459218771;B
20240124;100436;580.950000000;25;9459218772;B
20240124;100436;580.950000000;50;9459218773;B
20240124;100436;581.000000000;157;9459218774;B
20240124;100436;581.000000000;800;9459218775;B
20240124;100436;581.000000000;75;9459218776;B
20240124;100436;581.000000000;5;9459218777;B
20240124;100436;581.000000000;96;9459218778;B
20240124;100436;581.000000000;2;9459218779;B
20240124;100436;581.000000000;9;9459218780;B
20240124;100436;581.000000000;100;9459218781;B
20240124;100436;581.000000000;1;9459218782;B
20240124;100436;581.000000000;1;9459218783;B
20240124;100436;581.000000000;305;9459218784;B
20240124;100436;581.000000000;10;9459218785;B
20240124;100436;581.000000000;2;9459218786;B
20240124;100436;581.000000000;100;9459218787;B
20240124;100436;581.000000000;1;9459218788;B
20240124;100436;581.000000000;1;9459218789;B
20240124;100436;581.000000000;200;9459218790;B
20240124;100436;581.000000000;1;9459218791;B
20240124;100436;581.000000000;300;9459218792;B
20240124;100436;581.000000000;25;9459218793;B
20240124;100436;581.000000000;1;9459218794;B
20240124;100436;581.000000000;50;9459218795;B
20240124;100436;581.000000000;1;9459218796;B
20240124;100436;581.000000000;1;9459218797;B
20240124;100436;581.000000000;1;9459218798;B
20240124;100436;581.000000000;1;9459218799;B
20240124;100436;581.000000000;27;9459218800;B
20240124;100436;581.000000000;30;9459218801;B
20240124;100436;581.000000000;2;9459218802;B
20240124;100436;581.000000000;2;9459218803;B
20240124;100436;581.000000000;3;9459218804;B
20240124;100436;581.000000000;5;9459218805;B
20240124;100436;581.000000000;48;9459218806;B
20240124;100436;581.000000000;30;9459218807;B
20240124;100436;581.000000000;2;9459218808;B
20240124;100436;581.000000000;9;9459218809;B
20240124;100436;581.000000000;53;9459218810;B
20240124;100436;581.000000000;20;9459218811;B
20240124;100436;581.000000000;10;9459218812;B
20240124;100436;581.000000000;1;9459218813;B
20240124;100436;581.000000000;5;9459218814;B
20240124;100436;581.000000000;5;9459218815;B
20240124;100436;581.000000000;39;9459218816;B
20240124;100436;581.000000000;20;9459218817;B
20240124;100436;581.000000000;3;9459218818;B
20240124;100436;581.000000000;30;9459218819;B
20240124;100436;581.000000000;25;9459218820;B
20240124;100436;581.000000000;10;9459218821;B
20240124;100436;581.000000000;60;9459218822;B
20240124;100436;581.000000000;55;9459218823;B
20240124;100436;581.000000000;12;9459218824;B
20240124;100436;581.000000000;42;9459218825;B
20240124;100436;581.050000000;40;9459218826;B
20240124;100436;581.050000000;3;9459218827;B
20240124;100436;581.050000000;1;9459218828;B
20240124;100436;581.050000000;30;9459218829;B
20240124;100436;581.100000000;1;9459218832;B
20240124;100436;581.100000000;1;9459218833;B
20240124;100436;581.100000000;1;9459218834;B
20240124;100436;581.100000000;100;9459218835;B
20240124;100437;581.150000000;2;9459218850;B
20240124;100437;581.150000000;1;9459218851;B
20240124;100437;581.200000000;2;9459218852;B
20240124;100437;581.200000000;1;9459218853;B
20240124;100437;581.200000000;1;9459218854;B
20240124;100437;581.200000000;1;9459218855;B
20240124;100437;581.200000000;1;9459218856;B
20240124;100437;581.250000000;1;9459218857;B
20240124;100437;581.250000000;2;9459218858;B
20240124;100437;581.250000000;5;9459218859;B
20240124;100437;581.250000000;3;9459218860;B
20240124;100437;581.250000000;7;9459218861;B
20240124;100437;581.250000000;1;9459218862;B
20240124;100437;581.250000000;2;9459218863;B
20240124;100437;581.250000000;10;9459218864;B
20240124;100437;581.250000000;13;9459218972;B
20240124;100437;581.300000000;4;9459218973;B
20240124;100437;581.300000000;11;9459218974;B
20240124;100437;581.300000000;2;9459218980;B
20240124;100437;581.300000000;66;9459218982;B
20240124;100437;581.100000000;56;9459219003;S
20240124;100437;581.050000000;94;9459219004;S
20240124;100437;581.050000000;60;9459219011;S
20240124;100437;581.300000000;18;9459219016;B
20240124;100437;581.050000000;60;9459219026;S
20240124;100437;581.050000000;9;9459219035;S
20240124;100437;581.050000000;60;9459219042;S
20240124;100437;581.150000000;4;9459219056;B
20240124;100437;581.050000000;60;9459219071;S
20240124;100437;581.050000000;60;9459219089;S
20240124;100438;581.050000000;60;9459219246;S
20240124;100438;581.050000000;10;9459219281;S
20240124;100438;581.050000000;164;9459219282;B
20240124;100438;581.100000000;60;9459219295;B
20240124;100438;581.100000000;60;9459219383;B
20240124;100438;581.100000000;60;9459219421;B
20240124;100438;581.100000000;60;9459219455;S
20240124;100439;581.100000000;2;9459219492;B
20240124;100439;581.100000000;58;9459219496;B
20240124;100439;581.150000000;5;9459219497;B
20240124;100439;581.200000000;4;9459219498;B
20240124;100439;581.250000000;55;9459219499;B
20240124;100439;581.300000000;78;9459219500;B
20240124;100440;581.100000000;10;9459219795;S
20240124;100440;581.100000000;49;9459219796;S
20240124;100440;581.050000000;50;9459219822;S
20240124;100440;581.050000000;60;9459219961;S
20240124;100440;581.150000000;30;9459219991;B
20240124;100441;581.150000000;1;9459220014;B
20240124;100441;581.050000000;1;9459220029;S
20240124;100442;581.200000000;2;9459220456;B
20240124;100442;581.100000000;8;9459220457;S
20240124;100444;581.150000000;1;9459220911;B
20240124;100444;581.250000000;60;9459220912;B
20240124;100444;581.300000000;5;9459220913;B
20240124;100444;581.300000000;2;9459220914;B
20240124;100444;581.300000000;1;9459220915;B
20240124;100444;581.300000000;1;9459220916;B
20240124;100444;581.300000000;54;9459220917;B
20240124;100444;581.300000000;30;9459220918;B
20240124;100444;581.300000000;10;9459220919;B
20240124;100444;581.350000000;2;9459220920;B
20240124;100444;581.350000000;1;9459220921;B
20240124;100444;581.400000000;1;9459220922;B
20240124;100444;581.400000000;1;9459220923;B
20240124;100444;581.400000000;2;9459220924;B
20240124;100444;581.400000000;1;9459220925;B
20240124;100444;581.400000000;4;9459220926;B
20240124;100444;581.400000000;1;9459220927;B
20240124;100444;581.400000000;1;9459220928;B
20240124;100444;581.400000000;1;9459220929;B
20240124;100444;581.400000000;2;9459220930;B
20240124;100444;581.400000000;1;9459220931;B
20240124;100444;581.400000000;1;9459220932;B
20240124;100444;581.400000000;2;9459220933;B
20240124;100444;581.400000000;1;9459220934;B
20240124;100444;581.400000000;2;9459220935;B
20240124;100444;581.400000000;2;9459220936;B
20240124;100444;581.400000000;4;9459220937;B
20240124;100444;581.400000000;6;9459220938;B
20240124;100444;581.400000000;2;9459220939;B
20240124;100444;581.400000000;1;9459220940;B
20240124;100444;581.400000000;1;9459220941;B
20240124;100444;581.400000000;5;9459220942;B
20240124;100444;581.400000000;2;9459220943;B
20240124;100444;581.400000000;1;9459220944;B
20240124;100444;581.400000000;1;9459220945;B
20240124;100444;581.400000000;1;9459220946;B
20240124;100444;581.400000000;21;9459220947;B
20240124;100444;581.250000000;50;9459221050;B
20240124;100444;581.150000000;4;9459221071;S
20240124;100445;581.200000000;1;9459221129;B
20240124;100445;581.150000000;1;9459221191;S
20240124;100445;581.150000000;4;9459221225;S
20240124;100446;581.200000000;1;9459221332;B
20240124;100447;581.150000000;3;9459221681;S
20240124;100447;581.150000000;22;9459221713;S
20240124;100447;581.150000000;28;9459221714;S
20240124;100449;581.200000000;5;9459222157;B
20240124;100451;581.200000000;34;9459222468;B
20240124;100451;581.200000000;2;9459222469;B
20240124;100451;581.200000000;50;9459222572;S
20240124;100452;581.200000000;2;9459222743;S
20240124;100452;581.200000000;7;9459222897;S
20240124;100454;581.350000000;1;9459223285;B
20240124;100454;581.350000000;17;9459223286;B
20240124;100456;581.200000000;6;9459223893;S
20240124;100456;581.350000000;2;9459223980;B
20240124;100458;581.350000000;200;9459224323;B
20240124;100458;581.350000000;21;9459224334;B
20240124;100458;581.350000000;5;9459224335;B
20240124;100458;581.350000000;1;9459224366;B
20240124;100459;581.350000000;1;9459224443;B
20240124;100501;581.300000000;1;9459224919;S
20240124;100501;581.250000000;6;9459224932;S
20240124;100502;581.350000000;45;9459225300;B
20240124;100502;581.350000000;1;9459225301;B
20240124;100502;581.350000000;1;9459225302;B
20240124;100503;581.400000000;3;9459225386;B
20240124;100503;581.400000000;15;9459225387;B
20240124;100503;581.400000000;23;9459225388;B
20240124;100503;581.400000000;9;9459225412;B
20240124;100503;581.400000000;68;9459225468;B
20240124;100503;581.400000000;15;9459225469;B
20240124;100503;581.400000000;13;9459225510;B
20240124;100503;581.400000000;24;9459225712;B
20240124;100503;581.400000000;1720;9459225713;B
20240124;100503;581.400000000;10;9459225714;B
20240124;100503;581.400000000;3;9459225715;B
20240124;100503;581.400000000;5;9459225716;B
20240124;100503;581.400000000;12;9459225717;B
20240124;100503;581.450000000;2;9459225718;B
20240124;100503;581.450000000;2;9459225719;B
20240124;100503;581.450000000;1;9459225720;B
20240124;100503;581.450000000;5000;9459225721;B
20240124;100503;581.450000000;1000;9459225722;B
20240124;100503;581.450000000;1;9459225723;B
20240124;100503;581.500000000;5;9459225782;B
20240124;100503;581.500000000;1;9459225783;B
20240124;100503;581.500000000;30;9459225784;B
20240124;100503;581.500000000;1;9459225785;B
20240124;100503;581.500000000;1;9459225786;B
20240124;100503;581.500000000;1;9459225787;B
20240124;100503;581.500000000;1;9459225788;B
20240124;100503;581.500000000;1;9459225789;B
20240124;100503;581.500000000;50;9459225790;B
20240124;100503;581.500000000;321;9459225791;B
20240124;100503;581.500000000;490;9459225792;B
20240124;100503;581.500000000;10;9459225793;B
20240124;100503;581.550000000;1;9459225794;B
20240124;100503;581.550000000;5;9459225795;B
20240124;100503;581.550000000;1;9459225796;B
20240124;100503;581.550000000;123;9459225797;B
20240124;100503;581.600000000;500;9459225804;B
20240124;100503;581.600000000;1;9459225805;B
20240124;100503;581.600000000;25;9459225806;B
20240124;100503;581.600000000;1;9459225807;B
20240124;100503;581.600000000;400;9459225808;B
20240124;100503;581.600000000;5000;9459225809;B
20240124;100503;581.650000000;10;9459225818;B
20240124;100503;581.650000000;1;9459225819;B
20240124;100503;581.650000000;1000;9459225820;B
20240124;100503;581.700000000;5;9459225881;B
20240124;100503;581.700000000;407;9459225882;B
20240124;100503;581.700000000;1347;9459225883;B
20240124;100504;581.600000000;5;9459225986;S
20240124;100504;581.600000000;48;9459225997;S
20240124;100504;581.600000000;150;9459225998;S
20240124;100504;581.550000000;100;9459225999;S
20240124;100504;581.500000000;202;9459226000;S
20240124;100504;581.500000000;1;9459226020;S
20240124;100504;581.550000000;1;9459226024;B
20240124;100504;581.500000000;50;9459226030;S
20240124;100504;581.600000000;1;9459226149;B
20240124;100504;581.600000000;80;9459226150;B
20240124;100504;581.650000000;1;9459226151;B
20240124;100504;581.700000000;95;9459226152;B
20240124;100504;581.700000000;100;9459226153;B
20240124;100504;581.700000000;1;9459226154;B
20240124;100504;581.700000000;1;9459226155;B
20240124;100504;581.700000000;1;9459226156;B
20240124;100504;581.700000000;1;9459226157;B
20240124;100504;581.700000000;53;9459226158;B
20240124;100504;581.700000000;1;9459226159;B
20240124;100504;581.750000000;1;9459226160;B
20240124;100504;581.800000000;1;9459226161;B
20240124;100504;581.800000000;5;9459226162;B
20240124;100504;581.800000000;1;9459226163;B
20240124;100504;581.800000000;1;9459226164;B
20240124;100504;581.800000000;10;9459226165;B
20240124;100504;581.800000000;65;9459226166;B
20240124;100504;581.800000000;84;9459226167;B
20240124;100504;581.800000000;500;9459226236;S
20240124;100504;581.800000000;1;9459226250;S
20240124;100504;581.800000000;100;9459226281;S
20240124;100504;581.800000000;1;9459226282;S
20240124;100504;581.800000000;11;9459226283;S
20240124;100504;581.850000000;6;9459226292;B
20240124;100504;581.850000000;14;9459226293;B
20240124;100504;581.850000000;10;9459226294;B
20240124;100504;581.800000000;51;9459226316;S
20240124;100505;581.800000000;1;9459226324;S
20240124;100505;581.800000000;353;9459226349;S
20240124;100505;581.800000000;150;9459226350;S
20240124;100505;581.750000000;1000;9459226351;S
20240124;100505;581.700000000;15;9459226352;S
20240124;100505;581.700000000;52;9459226353;S
20240124;100505;581.600000000;1500;9459226354;S
20240124;100505;581.550000000;408;9459226355;S
20240124;100505;581.400000000;400;9459226356;S
20240124;100505;581.350000000;429;9459226357;S
20240124;100505;581.300000000;17;9459226358;S
20240124;100505;581.300000000;676;9459226359;S
20240124;100505;581.850000000;60;9459226367;B
20240124;100505;581.500000000;5;9459226383;B
20240124;100505;581.600000000;1;9459226384;B
20240124;100505;581.600000000;2;9459226462;B
20240124;100505;581.650000000;90;9459226463;B
20240124;100506;581.400000000;50;9459226603;S
20240124;100506;581.500000000;2;9459226710;B
20240124;100507;581.450000000;1;9459226942;S
20240124;100509;581.350000000;1;9459227671;S
20240124;100510;581.400000000;4;9459227891;B
20240124;100513;581.400000000;1;9459228861;B
20240124;100515;581.350000000;2;9459229398;S
20240124;100516;581.400000000;2;9459229563;B
20240124;100517;581.350000000;72;9459229668;S
20240124;100517;581.350000000;1;9459229669;S
20240124;100517;581.350000000;1;9459229807;B
20240124;100518;581.300000000;1;9459230125;S
20240124;100519;581.350000000;5;9459230156;B
20240124;100519;581.350000000;15;9459230237;B
20240124;100519;581.350000000;1;9459230299;B
20240124;100521;581.350000000;1;9459230949;B
20240124;100525;581.300000000;2;9459231982;S
20240124;100525;581.350000000;3;9459232028;B
20240124;100526;581.300000000;1;9459232090;S
20240124;100528;581.300000000;24;9459232552;S
20240124;100528;581.300000000;94;9459232553;S
20240124;100528;581.300000000;74;9459232599;S
20240124;100529;581.350000000;1;9459232810;B
20240124;100530;581.350000000;2;9459232875;B
20240124;100530;581.350000000;6;9459232876;B
20240124;100531;581.350000000;21;9459233069;B
20240124;100531;581.350000000;2;9459233082;B
20240124;100532;581.300000000;42;9459233437;S
20240124;100532;581.300000000;1;9459233448;S
20240124;100532;581.300000000;20;9459233498;S
20240124;100532;581.300000000;9;9459233499;S
20240124;100533;581.300000000;1;9459233575;S
20240124;100534;581.300000000;1;9459233746;S
20240124;100534;581.300000000;2;9459233815;S
20240124;100534;581.300000000;9;9459233861;S
20240124;100536;581.350000000;1;9459234172;B
20240124;100536;581.350000000;35;9459234291;B
20240124;100537;581.300000000;3;9459234514;S
20240124;100537;581.300000000;11;9459234599;S
20240124;100537;581.300000000;89;9459234600;S
20240124;100538;581.350000000;1;9459234887;B
20240124;100538;581.350000000;2;9459234889;B
20240124;100539;581.350000000;5;9459235075;B
20240124;100539;581.350000000;2;9459235089;B
20240124;100540;581.350000000;1;9459235218;B
20240124;100541;581.300000000;10;9459235403;S
20240124;100541;581.300000000;3;9459235473;S
20240124;100541;581.300000000;1;9459235517;S
20240124;100541;581.300000000;1;9459235560;S
20240124;100542;581.300000000;1;9459235627;S
20240124;100542;581.300000000;3;9459235758;S
20240124;100545;581.300000000;1;9459236293;S
20240124;100545;581.300000000;50;9459236297;S
20240124;100546;581.300000000;2;9459236440;S
20240124;100548;581.350000000;1;9459236835;B
20240124;100548;581.300000000;1;9459236886;S
20240124;100549;581.350000000;1;9459236991;B
20240124;100549;581.300000000;240;9459237019;S
20240124;100550;581.300000000;4;9459237409;S
20240124;100552;581.350000000;1;9459237647;B
20240124;100552;581.300000000;5;9459237724;S
20240124;100552;581.350000000;10;9459237745;B
20240124;100552;581.350000000;5;9459237874;B
20240124;100553;581.300000000;678;9459238036;S
20240124;100553;581.300000000;1;9459238037;S
20240124;100553;581.300000000;41;9459238038;S
20240124;100553;581.300000000;35;9459238039;S
20240124;100553;581.300000000;26;9459238040;S
20240124;100553;581.250000000;1;9459238041;S
20240124;100553;581.250000000;5;9459238042;S
20240124;100553;581.250000000;137;9459238043;S
20240124;100553;581.250000000;76;9459238044;S
20240124;100555;581.200000000;30;9459238376;S
20240124;100556;581.200000000;6;9459238544;S
20240124;100557;581.200000000;1;9459238775;S
20240124;100557;581.200000000;20;9459238873;S
20240124;100557;581.200000000;4;9459238874;S
20240124;100557;581.150000000;62;9459238875;S
20240124;100600;581.300000000;2;9459239389;B
20240124;100601;581.300000000;37;9459239700;S
20240124;100602;581.300000000;2;9459239903;B
20240124;100603;581.300000000;61;9459240032;B
20240124;100603;581.250000000;2;9459240107;S
20240124;100603;581.250000000;2;9459240115;S
20240124;100603;581.350000000;1;9459240116;B
20240124;100605;581.350000000;1;9459240512;B
20240124;100605;581.300000000;30;9459240602;S
20240124;100605;581.300000000;9;9459240603;S
20240124;100605;581.350000000;2;9459240707;B
20240124;100606;581.250000000;9;9459240882;S
20240124;100607;581.250000000;2;9459241133;S
20240124;100607;581.250000000;37;9459241134;S
20240124;100609;581.250000000;2;9459241955;B
20240124;100609;581.200000000;2;9459241978;S
20240124;100610;581.250000000;2;9459242197;B
20240124;100611;581.250000000;25;9459242202;B
20240124;100611;581.250000000;10;9459242300;B
20240124;100611;581.200000000;2;9459242315;S
20240124;100611;581.250000000;17;9459242414;B
20240124;100612;581.250000000;3;9459242471;B
20240124;100612;581.200000000;3;9459242588;S
20240124;100613;581.250000000;180;9459242721;S
20240124;100613;581.250000000;50;9459242872;S
20240124;100614;581.300000000;1;9459243137;B
20240124;100614;581.250000000;5;9459243147;S
20240124;100615;581.250000000;16;9459243350;S
20240124;100615;581.200000000;23;9459243351;S
20240124;100617;581.250000000;1;9459243671;B
20240124;100618;581.250000000;1;9459243824;B
20240124;100618;581.200000000;2;9459243991;S
20240124;100619;581.250000000;3;9459244028;B
20240124;100619;581.300000000;1;9459244029;B
20240124;100619;581.300000000;20;9459244334;B
20240124;100620;581.300000000;1;9459244396;B
20240124;100620;581.300000000;80;9459244515;B
20240124;100622;581.200000000;36;9459244964;S
20240124;100622;581.250000000;3;9459244980;B
20240124;100622;581.200000000;20;9459245005;S
20240124;100623;581.250000000;25;9459245160;B
20240124;100623;581.200000000;3;9459245192;S
20240124;100624;581.250000000;177;9459245522;B
20240124;100624;581.250000000;44;9459245523;B
20240124;100624;581.300000000;105;9459245524;B
20240124;100624;581.300000000;1;9459245525;B
20240124;100624;581.300000000;20;9459245526;B
20240124;100628;581.300000000;7;9459246103;S
20240124;100630;581.300000000;15;9459246572;S
20240124;100631;581.300000000;231;9459246668;S
20240124;100631;581.250000000;2;9459246676;S
20240124;100632;581.300000000;1;9459246896;B
20240124;100632;581.250000000;62;9459246897;S
20240124;100633;581.200000000;9;9459246958;S
20240124;100633;581.200000000;6;9459246959;S
20240124;100635;581.250000000;1;9459247434;B
20240124;100635;581.200000000;9;9459247453;S
20240124;100635;581.200000000;2;9459247454;S
20240124;100644;581.100000000;1;9459248885;S
20240124;100644;581.100000000;1;9459248886;S
20240124;100646;581.250000000;2;9459249268;B
20240124;100647;581.200000000;9;9459249358;B
20240124;100650;581.200000000;169;9459249878;B
20240124;100650;581.200000000;43;9459249879;B
20240124;100650;581.250000000;3;9459249880;B
20240124;100650;581.250000000;5;9459249881;B
20240124;100653;581.250000000;1;9459250259;B
20240124;100653;581.200000000;42;9459250337;B
20240124;100653;581.200000000;36;9459250339;B
20240124;100653;581.250000000;64;9459250340;B
20240124;100658;581.050000000;6;9459251354;S
20240124;100659;581.100000000;50;9459251385;B
20240124;100659;581.200000000;42;9459251386;B
20240124;100659;581.200000000;8;9459251387;S
20240124;100659;581.250000000;3;9459251399;B
20240124;100659;581.200000000;100;9459251426;S
20240124;100702;581.100000000;25;9459252026;B
20240124;100702;581.200000000;42;9459252027;B
20240124;100702;581.250000000;451;9459252028;B
20240124;100702;581.250000000;45;9459252029;B
20240124;100702;581.250000000;5;9459252030;B
20240124;100702;581.300000000;3;9459252031;B
20240124;100702;581.300000000;25;9459252032;B
20240124;100702;581.300000000;18;9459252033;B
20240124;100702;581.300000000;21;9459252034;B
20240124;100702;581.300000000;67;9459252035;B
20240124;100702;581.300000000;11;9459252036;B
20240124;100702;581.300000000;56;9459252037;B
20240124;100702;581.300000000;11;9459252038;B
20240124;100702;581.300000000;56;9459252039;B
20240124;100702;581.300000000;67;9459252040;B
20240124;100702;581.300000000;145;9459252041;B
20240124;100702;581.300000000;78;9459252042;B
20240124;100702;581.300000000;172;9459252043;B
20240124;100702;581.350000000;2;9459252045;B
20240124;100702;581.350000000;27;9459252046;B
20240124;100702;581.350000000;23;9459252048;B
20240124;100702;581.350000000;19;9459252049;B
20240124;100702;581.350000000;31;9459252050;B
20240124;100702;581.350000000;11;9459252051;B
20240124;100702;581.350000000;39;9459252052;B
20240124;100702;581.350000000;3;9459252053;B
20240124;100702;581.350000000;2;9459252054;B
20240124;100702;581.350000000;63;9459252055;B
20240124;100702;581.350000000;65;9459252056;B
20240124;100702;581.350000000;73;9459252057;B
20240124;100702;581.300000000;81;9459252058;B
20240124;100702;581.300000000;81;9459252059;B
20240124;100702;581.300000000;44;9459252060;B
20240124;100702;581.300000000;312;9459252062;B
20240124;100702;581.350000000;322;9459252063;B
20240124;100702;581.350000000;132;9459252064;B
20240124;100702;581.350000000;42;9459252065;B
20240124;100702;581.400000000;28;9459252068;B
20240124;100702;581.300000000;236;9459252069;B
20240124;100702;581.400000000;40;9459252070;B
20240124;100702;581.400000000;236;9459252071;B
20240124;100702;581.400000000;40;9459252072;B
20240124;100702;581.350000000;71;9459252073;B
20240124;100702;581.250000000;9;9459252090;S
20240124;100704;581.400000000;75;9459252383;B
20240124;100704;581.400000000;28;9459252392;B
20240124;100704;581.400000000;7;9459252393;B
20240124;100704;581.400000000;5;9459252394;B
20240124;100704;581.400000000;10;9459252395;B
20240124;100704;581.450000000;1;9459252396;B
20240124;100704;581.450000000;7;9459252397;B
20240124;100704;581.450000000;70;9459252401;B
20240124;100706;581.450000000;82;9459252716;B
20240124;100706;581.450000000;2;9459252731;B
20240124;100707;581.450000000;1;9459252873;B
20240124;100710;581.450000000;2;9459253398;B
20240124;100710;581.450000000;25;9459253419;B
20240124;100712;581.400000000;5;9459253725;S
20240124;100712;581.400000000;15;9459253792;S
20240124;100713;581.450000000;30;9459253926;B
20240124;100714;581.450000000;1;9459254149;B
20240124;100719;581.450000000;1;9459255248;B
20240124;100720;581.400000000;2;9459255351;B
20240124;100721;581.400000000;2;9459255451;B
20240124;100724;581.400000000;30;9459255895;B
20240124;100724;581.450000000;13;9459255896;B
20240124;100729;581.250000000;18;9459256806;S
20240124;100730;581.250000000;2;9459256985;S
20240124;100731;581.400000000;1;9459257079;B
20240124;100732;581.400000000;17;9459257221;B
20240124;100733;581.400000000;1;9459257500;B
20240124;100734;581.400000000;31;9459257641;B
20240124;100734;581.400000000;20;9459257642;B
20240124;100734;581.450000000;49;9459257643;B
20240124;100735;581.250000000;1;9459257719;S
20240124;100740;581.450000000;1;9459258751;B
20240124;100750;581.400000000;10;9459260457;S
20240124;100752;581.450000000;18;9459260793;B
20240124;100753;581.250000000;1;9459260902;S
20240124;100802;581.300000000;1;9459262341;S
20240124;100802;581.450000000;10;9459262488;B
20240124;100809;581.400000000;3;9459263687;B
20240124;100811;581.300000000;2;9459264037;S
20240124;100811;581.300000000;1;9459264038;S
20240124;100811;581.300000000;1;9459264039;S
20240124;100811;581.300000000;2;9459264040;S
20240124;100811;581.300000000;1;9459264041;S
20240124;100811;581.300000000;2;9459264042;S
20240124;100811;581.300000000;2;9459264043;S
20240124;100811;581.300000000;1;9459264044;S
20240124;100811;581.300000000;6;9459264045;S
20240124;100811;581.300000000;1;9459264046;S
20240124;100812;581.350000000;20;9459264329;B
20240124;100817;581.350000000;1;9459265253;B
20240124;100819;581.250000000;11;9459265525;S
20240124;100819;581.250000000;110;9459265526;S
20240124;100821;581.350000000;10;9459265739;B
20240124;100822;581.250000000;173;9459265827;S
20240124;100822;581.250000000;1;9459265828;S
20240124;100823;581.300000000;1;9459265930;B
20240124;100830;581.250000000;15;9459267174;S
20240124;100830;581.250000000;285;9459267175;S
20240124;100834;581.200000000;8;9459267931;S
20240124;100839;581.200000000;1;9459268607;S
20240124;100849;581.200000000;16;9459270073;S
20240124;100849;581.200000000;34;9459270074;S
20240124;100849;581.300000000;1;9459270125;B
20240124;100849;581.300000000;3;9459270126;B
20240124;100852;581.200000000;79;9459270481;S
20240124;100853;581.200000000;2;9459270557;S
20240124;100853;581.200000000;1;9459270576;S
20240124;100855;581.200000000;106;9459270828;S
20240124;100855;581.200000000;78;9459270832;S
20240124;100855;581.200000000;148;9459270833;S
20240124;100855;581.200000000;52;9459270837;S
20240124;100855;581.200000000;8;9459270838;S
20240124;100855;581.200000000;40;9459270839;S
20240124;100855;581.250000000;44;9459270843;B
20240124;100855;581.300000000;22;9459270844;B
20240124;100855;581.300000000;17;9459270845;B
20240124;100855;581.300000000;100;9459270846;B
20240124;100855;581.300000000;100;9459270847;B
20240124;100855;581.300000000;518;9459270848;B
20240124;100855;581.300000000;13;9459270850;S
20240124;100855;581.300000000;37;9459270851;S
20240124;100855;581.300000000;1;9459270876;S
20240124;100855;581.300000000;300;9459270891;S
20240124;100855;581.300000000;50;9459270918;S
20240124;100855;581.300000000;10;9459270960;S
20240124;100856;581.350000000;1;9459271011;B
20240124;100856;581.350000000;1;9459271054;B
20240124;100856;581.350000000;1;9459271080;B
20240124;100900;581.350000000;12;9459271661;B
20240124;100900;581.350000000;7;9459271662;B
20240124;100900;581.350000000;5;9459271663;B
20240124;100900;581.350000000;326;9459271664;B
20240124;100903;581.300000000;25;9459271985;S
20240124;100903;581.300000000;25;9459272120;S
20240124;100905;581.350000000;1;9459272480;B
20240124;100906;581.350000000;1;9459272576;B
20240124;100906;581.300000000;10;9459272608;S
20240124;100906;581.350000000;1;9459272657;B
20240124;100908;581.350000000;20;9459273022;B
20240124;100909;581.350000000;1;9459273124;B
20240124;100910;581.300000000;236;9459273244;S
20240124;100910;581.350000000;1;9459273306;B
20240124;100911;581.350000000;5;9459273452;B
20240124;100914;581.350000000;74;9459274002;B
20240124;100914;581.350000000;25;9459274003;B
20240124;100914;581.400000000;1;9459274004;B
20240124;100916;581.400000000;1;9459274212;B
20240124;100916;581.350000000;1;9459274263;S
20240124;100916;581.300000000;19;9459274264;S
20240124;100925;581.400000000;3;9459275724;B
20240124;100930;581.400000000;17;9459276337;B
20240124;100930;581.400000000;25;9459276338;B
20240124;100930;581.400000000;1;9459276339;B
20240124;100930;581.400000000;45;9459276340;B
20240124;100930;581.400000000;12;9459276341;B
20240124;100930;581.400000000;13;9459276352;B
20240124;100930;581.400000000;87;9459276353;B
20240124;100930;581.400000000;1;9459276357;B
20240124;100930;581.400000000;1;9459276394;B
20240124;100934;581.400000000;30;9459277239;B
20240124;100934;581.400000000;2;9459277291;B
20240124;100935;581.350000000;1;9459277364;S
20240124;100937;581.350000000;3;9459277723;S
20240124;100937;581.350000000;35;9459277757;S
20240124;100938;581.400000000;1;9459277883;B
20240124;100938;581.400000000;1;9459277898;B
20240124;100938;581.350000000;5;9459277928;S
20240124;100938;581.400000000;1;9459277931;B
20240124;100939;581.400000000;1;9459277977;B
20240124;100939;581.350000000;30;9459277980;S
20240124;100939;581.350000000;76;9459278019;S
20240124;100939;581.350000000;2;9459278021;B
20240124;100939;581.350000000;1;9459278038;B
20240124;100940;581.350000000;1;9459278150;B
20240124;100940;581.300000000;473;9459278151;S
20240124;100940;581.300000000;1;9459278152;S
20240124;100940;581.300000000;3;9459278153;S
20240124;100942;581.300000000;1;9459278433;B
20240124;100943;581.200000000;760;9459278626;S
20240124;100943;581.200000000;200;9459278627;S
20240124;100945;581.150000000;10;9459278925;S
20240124;100945;581.200000000;2;9459278969;B
20240124;100949;581.200000000;1;9459279434;B
20240124;100957;581.200000000;44;9459280519;B
20240124;100957;581.200000000;14;9459280520;B
20240124;100957;581.200000000;17;9459280521;B
20240124;100958;581.100000000;1;9459280749;S
20240124;100958;581.100000000;1;9459280750;S
20240124;100958;581.100000000;1;9459280751;S
20240124;100959;581.100000000;2;9459280903;B
20240124;101000;581.050000000;1;9459281036;S
20240124;101003;581.100000000;10;9459281500;B
20240124;101005;581.100000000;2;9459281777;B
20240124;101007;581.050000000;30;9459282168;S
20240124;101007;581.050000000;4;9459282183;S
20240124;101008;581.050000000;129;9459282287;S
20240124;101008;581.050000000;1;9459282288;S
20240124;101008;581.050000000;200;9459282289;S
20240124;101008;581.050000000;400;9459282290;S
20240124;101008;581.050000000;44;9459282291;S
20240124;101008;581.050000000;26;9459282292;S
20240124;101008;581.050000000;210;9459282293;S
20240124;101008;581.050000000;1;9459282294;S
20240124;101008;581.050000000;1;9459282295;S
20240124;101008;581.050000000;2;9459282296;S
20240124;101008;581.000000000;250;9459282297;S
20240124;101008;581.000000000;1;9459282298;S
20240124;101008;581.000000000;10;9459282299;S
20240124;101008;581.000000000;10;9459282300;S
20240124;101008;581.000000000;10;9459282301;S
20240124;101008;581.000000000;50;9459282302;S
20240124;101008;581.000000000;10;9459282303;S
20240124;101008;581.000000000;10;9459282304;S
20240124;101008;581.000000000;15;9459282305;S
20240124;101008;581.000000000;25;9459282306;S
20240124;101008;581.000000000;735;9459282307;S
20240124;101009;581.000000000;132;9459282330;S
20240124;101009;581.000000000;1;9459282331;S
20240124;101009;581.000000000;1;9459282332;S
20240124;101009;580.950000000;3;9459282333;S
20240124;101009;580.950000000;44;9459282334;S
20240124;101009;580.900000000;2;9459282335;S
20240124;101009;580.900000000;200;9459282336;S
20240124;101009;580.850000000;401;9459282337;S
20240124;101009;581.100000000;1;9459282426;B
20240124;101009;581.100000000;49;9459282443;B
20240124;101010;581.000000000;1;9459282497;S
20240124;101010;580.900000000;99;9459282498;S
20240124;101010;581.050000000;25;9459282532;B
20240124;101010;581.050000000;1;9459282623;B
20240124;101012;581.000000000;1;9459282789;B
20240124;101012;581.000000000;39;9459282884;B
20240124;101012;581.050000000;11;9459282885;B
20240124;101014;581.050000000;3;9459283075;B
20240124;101014;581.100000000;33;9459283076;B
20240124;101014;581.100000000;1;9459283077;B
20240124;101014;581.150000000;13;9459283078;B
20240124;101025;581.050000000;1;9459284647;B
20240124;101027;581.050000000;10;9459284970;B
20240124;101028;581.050000000;1;9459285140;B
20240124;101031;581.000000000;1;9459285522;S
20240124;101031;581.000000000;69;9459285523;S
20240124;101031;581.000000000;4;9459285524;S
20240124;101032;581.050000000;21;9459285697;B
20240124;101034;581.050000000;1;9459285977;S
20240124;101034;581.050000000;11;9459286015;S
20240124;101037;581.050000000;8;9459286439;S
20240124;101038;581.050000000;30;9459286535;S
20240124;101038;581.050000000;2000;9459286625;S
20240124;101042;581.100000000;1;9459287110;B
20240124;101042;581.050000000;13;9459287123;S
20240124;101045;581.100000000;4;9459287525;B
20240124;101045;581.200000000;6;9459287526;B
20240124;101045;581.050000000;275;9459287776;S
20240124;101046;581.050000000;1;9459287795;S
20240124;101046;581.050000000;165;9459287884;S
20240124;101048;581.050000000;5;9459288134;S
20240124;101049;581.050000000;32;9459288286;S
20240124;101049;581.050000000;361;9459288287;S
20240124;101049;581.050000000;34;9459288288;S
20240124;101049;581.050000000;462;9459288289;S
20240124;101050;581.050000000;5;9459288397;S
20240124;101053;581.050000000;1;9459288863;S
20240124;101057;581.100000000;1;9459289370;B
20240124;101057;581.100000000;1;9459289408;B
20240124;101057;581.050000000;575;9459289434;S
20240124;101057;581.050000000;60;9459289435;S
20240124;101057;581.050000000;3;9459289436;S
20240124;101057;581.000000000;100;9459289437;S
20240124;101057;580.900000000;2;9459289438;S
20240124;101059;580.900000000;200;9459289646;S
20240124;101102;580.850000000;147;9459289970;S
20240124;101102;580.850000000;1;9459289971;S
20240124;101102;580.850000000;153;9459289978;S
20240124;101102;580.850000000;8;9459289979;S
20240124;101102;580.850000000;183;9459289980;S
20240124;101102;580.950000000;10;9459289993;B
20240124;101102;580.800000000;10;9459289994;S
20240124;101102;580.800000000;7;9459290019;S
20240124;101102;580.800000000;1;9459290020;S
20240124;101102;580.800000000;25;9459290021;S
20240124;101102;580.750000000;1;9459290022;S
20240124;101102;580.700000000;15;9459290023;S
20240124;101102;580.700000000;3;9459290024;S
20240124;101102;580.700000000;20;9459290025;S
20240124;101102;580.650000000;1;9459290026;S
20240124;101102;580.650000000;37;9459290027;S
20240124;101102;581.000000000;20;9459290087;B
20240124;101103;580.700000000;5;9459290152;S
20240124;101103;581.000000000;2;9459290157;B
20240124;101105;580.950000000;43;9459290557;B
20240124;101105;581.000000000;18;9459290558;B
20240124;101105;581.000000000;45;9459290580;B
20240124;101106;580.800000000;4;9459290821;S
20240124;101108;581.000000000;2;9459291073;B
20240124;101110;581.000000000;1;9459291332;B
20240124;101111;581.000000000;1;9459291399;B
20240124;101111;581.000000000;46;9459291405;B
20240124;101111;581.000000000;50;9459291406;B
20240124;101111;581.050000000;43;9459291407;B
20240124;101111;581.050000000;5;9459291408;B
20240124;101111;581.100000000;518;9459291409;B
20240124;101111;581.150000000;375;9459291410;B
20240124;101111;581.150000000;430;9459291411;B
20240124;101111;581.200000000;10;9459291412;B
20240124;101111;581.200000000;5;9459291413;B
20240124;101111;581.200000000;118;9459291414;B
20240124;101111;581.200000000;150;9459291415;B
20240124;101111;581.300000000;100;9459291416;B
20240124;101111;581.300000000;137;9459291417;B
20240124;101111;581.300000000;400;9459291418;B
20240124;101111;581.300000000;137;9459291419;B
20240124;101111;581.350000000;1;9459291420;B
20240124;101111;581.350000000;137;9459291421;B
20240124;101111;581.400000000;94;9459291422;B
20240124;101111;581.400000000;100;9459291423;B
20240124;101111;581.400000000;10;9459291424;B
20240124;101111;581.400000000;100;9459291425;B
20240124;101111;581.400000000;69;9459291426;B
20240124;101111;581.450000000;88;9459291427;B
20240124;101111;581.450000000;300;9459291428;B
20240124;101111;581.450000000;500;9459291429;B
20240124;101111;581.450000000;11;9459291430;B
20240124;101111;581.450000000;250;9459291431;B
20240124;101111;581.450000000;10;9459291432;B
20240124;101111;581.450000000;30;9459291433;B
20240124;101111;581.450000000;5;9459291434;B
20240124;101111;581.500000000;8;9459291435;B
20240124;101111;581.500000000;50;9459291436;B
20240124;101111;581.500000000;100;9459291437;B
20240124;101111;581.500000000;6;9459291438;B
20240124;101111;581.500000000;15;9459291439;B
20240124;101111;581.500000000;542;9459291440;B
20240124;101111;581.500000000;50;9459291441;B
20240124;101111;581.500000000;49;9459291442;B
20240124;101111;581.500000000;5;9459291443;B
20240124;101111;581.500000000;470;9459291444;B
20240124;101111;581.500000000;25;9459291445;B
20240124;101111;581.500000000;32;9459291446;B
20240124;101111;581.550000000;500;9459291447;B
20240124;101111;581.550000000;300;9459291448;B
20240124;101111;581.550000000;50;9459291449;B
20240124;101111;581.600000000;9;9459291450;B
20240124;101111;581.600000000;7;9459291451;B
20240124;101111;581.600000000;10;9459291452;B
20240124;101111;581.600000000;200;9459291453;B
20240124;101111;581.600000000;1;9459291454;B
20240124;101111;581.600000000;1;9459291455;B
20240124;101111;581.600000000;15;9459291456;B
20240124;101111;581.600000000;1500;9459291457;B
20240124;101111;581.650000000;10;9459291458;B
20240124;101111;581.650000000;10;9459291459;B
20240124;101111;581.650000000;300;9459291460;B
20240124;101111;581.650000000;50;9459291461;B
20240124;101111;581.700000000;5;9459291462;B
20240124;101111;581.700000000;3000;9459291463;B
20240124;101111;581.700000000;90;9459291464;B
20240124;101111;581.700000000;25;9459291465;B
20240124;101111;581.700000000;1500;9459291466;B
20240124;101111;581.750000000;4;9459291467;B
20240124;101111;581.750000000;1;9459291468;B
20240124;101111;581.750000000;94;9459291469;B
20240124;101111;581.750000000;30;9459291470;B
20240124;101111;581.750000000;500;9459291471;B
20240124;101111;581.800000000;1;9459291472;B
20240124;101111;581.800000000;94;9459291473;B
20240124;101111;581.800000000;94;9459291474;B
20240124;101111;581.800000000;1;9459291475;B
20240124;101111;581.800000000;50;9459291476;B
20240124;101111;581.800000000;7;9459291477;B
20240124;101111;581.800000000;1;9459291478;B
20240124;101111;581.800000000;1;9459291479;B
20240124;101111;581.800000000;5;9459291480;B
20240124;101111;581.850000000;30;9459291481;B
20240124;101111;581.850000000;10;9459291482;B
20240124;101111;581.850000000;1;9459291483;B
20240124;101111;581.850000000;1;9459291484;B
20240124;101111;581.850000000;1;9459291485;B
20240124;101111;581.850000000;100;9459291486;B
20240124;101111;581.850000000;25;9459291487;B
20240124;101111;581.850000000;1;9459291488;B
20240124;101111;581.850000000;5;9459291489;B
20240124;101111;581.900000000;1;9459291490;B
20240124;101111;581.900000000;1;9459291491;B
20240124;101111;581.900000000;1200;9459291492;B
20240124;101111;581.900000000;150;9459291493;B
20240124;101111;581.900000000;10;9459291494;B
20240124;101111;581.900000000;1;9459291495;B
20240124;101111;581.950000000;1;9459291496;B
20240124;101111;581.950000000;3;9459291497;B
20240124;101111;581.950000000;2;9459291498;B
20240124;101111;581.950000000;100;9459291499;B
20240124;101111;581.950000000;100;9459291500;B
20240124;101111;581.950000000;1;9459291501;B
20240124;101111;581.950000000;1;9459291502;B
20240124;101111;581.950000000;1;9459291503;B
20240124;101111;581.950000000;7;9459291504;B
20240124;101111;581.950000000;25;9459291505;B
20240124;101111;581.950000000;15;9459291506;B
20240124;101111;581.950000000;1;9459291507;B
20240124;101111;581.950000000;1;9459291508;B
20240124;101111;581.950000000;8;9459291509;B
20240124;101111;581.950000000;10;9459291510;B
20240124;101111;581.950000000;25;9459291511;B
20240124;101111;581.950000000;200;9459291512;B
20240124;101111;581.950000000;3;9459291513;B
20240124;101111;581.950000000;39;9459291514;B
20240124;101111;582.000000000;10;9459291515;B
20240124;101111;582.000000000;1;9459291516;B
20240124;101111;582.000000000;1;9459291517;B
20240124;101111;582.000000000;30;9459291518;B
20240124;101111;582.000000000;2;9459291519;B
20240124;101111;582.000000000;72;9459291520;B
20240124;101111;582.000000000;1;9459291521;B
20240124;101111;582.000000000;1;9459291522;B
20240124;101111;582.000000000;5;9459291523;B
20240124;101111;582.000000000;300;9459291524;B
20240124;101111;582.000000000;4;9459291525;B
20240124;101111;582.000000000;1;9459291526;B
20240124;101111;582.000000000;2;9459291527;B
20240124;101111;582.000000000;20;9459291528;B
20240124;101111;582.000000000;20;9459291529;B
20240124;101111;582.000000000;10;9459291530;B
20240124;101111;582.000000000;2;9459291531;B
20240124;101111;582.000000000;200;9459291532;B
20240124;101111;582.000000000;100;9459291533;B
20240124;101111;582.000000000;1;9459291534;B
20240124;101111;582.000000000;1;9459291535;B
20240124;101111;582.000000000;100;9459291536;B
20240124;101111;582.000000000;12;9459291537;B
20240124;101111;582.000000000;100;9459291538;B
20240124;101111;582.000000000;9;9459291539;B
20240124;101111;582.000000000;1;9459291540;B
20240124;101111;582.000000000;1;9459291541;B
20240124;101111;582.000000000;1;9459291542;B
20240124;101111;582.000000000;1;9459291543;B
20240124;101111;582.000000000;10;9459291544;B
20240124;101111;582.000000000;5;9459291545;B
20240124;101111;582.000000000;50;9459291546;B
20240124;101111;582.000000000;35;9459291547;B
20240124;101111;582.000000000;25;9459291548;B
20240124;101111;582.000000000;50;9459291549;B
20240124;101111;582.000000000;1;9459291550;B
20240124;101111;582.000000000;11;9459291551;B
20240124;101111;582.000000000;1;9459291552;B
20240124;101111;582.000000000;500;9459291553;B
20240124;101111;582.000000000;2;9459291554;B
20240124;101111;582.000000000;5;9459291555;B
20240124;101111;582.000000000;50;9459291556;B
20240124;101111;582.000000000;1;9459291557;B
20240124;101111;582.000000000;10;9459291558;B
20240124;101111;582.000000000;2;9459291559;B
20240124;101111;582.000000000;100;9459291560;B
20240124;101111;582.000000000;27;9459291561;B
20240124;101111;582.000000000;40;9459291562;B
20240124;101111;582.000000000;266;9459291563;B
20240124;101111;582.000000000;1;9459291564;B
20240124;101111;582.000000000;25;9459291565;B
20240124;101111;582.000000000;1;9459291566;B
20240124;101111;582.050000000;1;9459291567;B
20240124;101111;582.050000000;5;9459291568;B
20240124;101111;582.050000000;5;9459291569;B
20240124;101111;582.050000000;134;9459291570;B
20240124;101111;582.050000000;40;9459291571;B
20240124;101111;582.050000000;1;9459291572;B
20240124;101111;582.100000000;1;9459291573;B
20240124;101111;582.100000000;1;9459291574;B
20240124;101111;582.150000000;50;9459291575;B
20240124;101111;582.150000000;1;9459291576;B
20240124;101111;582.150000000;1500;9459291577;B
20240124;101111;582.150000000;1;9459291578;B
20240124;101111;582.150000000;629;9459291579;B
20240124;101111;581.550000000;1;9459291590;S
20240124;101111;581.300000000;3;9459291591;S
20240124;101111;581.600000000;50;9459291601;B
20240124;101111;581.600000000;25;9459291614;B
20240124;101112;581.300000000;4;9459291643;S
20240124;101112;581.300000000;1;9459291644;S
20240124;101112;581.300000000;7;9459291645;S
20240124;101112;581.250000000;13;9459291646;S
20240124;101112;581.250000000;18;9459291651;S
20240124;101112;581.250000000;500;9459291663;S
20240124;101112;581.250000000;170;9459291664;S
20240124;101112;581.250000000;6;9459291710;S
20240124;101112;581.250000000;100;9459291714;S
20240124;101114;581.250000000;4;9459292000;S
20240124;101117;581.500000000;1;9459292366;B
20240124;101121;581.500000000;2;9459292955;B
20240124;101121;581.500000000;10;9459292961;B
20240124;101121;581.500000000;10;9459293159;B
20240124;101124;581.400000000;19;9459293632;S
20240124;101126;581.450000000;2;9459293809;S
20240124;101126;581.500000000;1;9459293842;B
20240124;101128;581.450000000;2;9459294030;S
20240124;101129;581.500000000;4;9459294129;B
20240124;101129;581.500000000;1;9459294147;B
20240124;101129;581.500000000;4;9459294167;B
20240124;101129;581.500000000;25;9459294169;B
20240124;101129;581.500000000;5;9459294170;B
20240124;101130;581.500000000;17;9459294237;S
20240124;101132;581.500000000;7;9459294464;S
20240124;101133;581.550000000;5;9459294645;B
20240124;101133;581.600000000;32;9459294646;B
20240124;101133;581.650000000;518;9459294647;B
20240124;101133;581.650000000;45;9459294648;B
20240124;101133;581.700000000;200;9459294649;B
20240124;101133;581.750000000;429;9459294650;B
20240124;101134;581.800000000;4;9459294656;B
20240124;101134;581.800000000;27;9459294657;B
20240124;101134;581.800000000;7;9459294658;B
20240124;101135;581.800000000;2;9459294880;B
20240124;101135;581.800000000;4;9459294881;B
20240124;101137;581.800000000;9;9459295037;B
20240124;101137;581.800000000;1;9459295132;B
20240124;101137;581.750000000;2000;9459295158;S
20240124;101138;581.800000000;122;9459295206;B
20240124;101138;581.800000000;20;9459295207;B
20240124;101138;581.800000000;1;9459295208;B
20240124;101138;581.850000000;5;9459295209;B
20240124;101138;581.850000000;22;9459295210;B
20240124;101138;581.750000000;99;9459295231;S
20240124;101139;581.850000000;8;9459295275;B
20240124;101140;581.800000000;1;9459295438;S
20240124;101140;581.850000000;30;9459295497;B
20240124;101141;581.850000000;1;9459295625;B
20240124;101141;581.800000000;49;9459295626;S
20240124;101141;581.800000000;1;9459295627;S
20240124;101144;581.850000000;400;9459296039;B
20240124;101144;581.800000000;39;9459296058;S
20240124;101144;581.800000000;40;9459296059;S
20240124;101144;581.800000000;10;9459296060;S
20240124;101144;581.800000000;41;9459296061;S
20240124;101144;581.850000000;1;9459296096;B
20240124;101145;581.850000000;1;9459296112;B
20240124;101148;581.850000000;100;9459296561;B
20240124;101149;581.800000000;40;9459296692;S
20240124;101150;581.850000000;1;9459296768;B
20240124;101150;581.850000000;416;9459296770;B
20240124;101150;581.850000000;1;9459296771;B
20240124;101150;581.900000000;3;9459296772;B
20240124;101150;581.900000000;47;9459296773;B
20240124;101150;581.900000000;1;9459296774;B
20240124;101150;581.900000000;39;9459296775;B
20240124;101150;581.900000000;94;9459296776;B
20240124;101150;581.900000000;15;9459296777;B
20240124;101150;581.900000000;40;9459296778;B
20240124;101150;581.900000000;94;9459296779;B
20240124;101150;581.900000000;472;9459296780;B
20240124;101150;581.900000000;94;9459296781;B
20240124;101150;581.900000000;47;9459296782;B
20240124;101150;581.950000000;137;9459296783;B
20240124;101150;581.950000000;500;9459296784;B
20240124;101151;581.900000000;1;9459296841;B
20240124;101152;581.900000000;47;9459296914;B
20240124;101152;581.900000000;53;9459296915;B
20240124;101155;581.800000000;3;9459297314;S
20240124;101156;581.800000000;1000;9459297377;S
20240124;101156;581.850000000;1;9459297392;B
20240124;101156;581.850000000;2;9459297393;B
20240124;101157;581.850000000;1;9459297472;S
20240124;101158;581.950000000;8;9459297582;B
20240124;101158;581.950000000;12;9459297585;B
20240124;101158;581.850000000;499;9459297606;S
20240124;101158;581.800000000;116;9459297607;S
20240124;101158;581.800000000;10;9459297608;S
20240124;101158;581.800000000;48;9459297609;S
20240124;101158;581.800000000;10;9459297658;B
20240124;101158;581.750000000;1;9459297663;S
20240124;101200;581.750000000;1;9459297855;S
20240124;101200;581.750000000;2;9459297873;S
20240124;101204;581.700000000;1;9459298453;B
20240124;101208;581.600000000;6;9459299146;S
20240124;101209;581.700000000;20;9459299272;B
20240124;101211;581.700000000;1;9459299442;B
20240124;101211;581.700000000;51;9459299542;B
20240124;101211;581.750000000;48;9459299543;B
20240124;101211;581.750000000;101;9459299544;B
20240124;101211;581.750000000;90;9459299545;B
20240124;101213;581.700000000;6;9459299848;S
20240124;101214;581.750000000;5;9459299973;B
20240124;101215;581.750000000;1;9459300016;B
20240124;101216;581.700000000;2;9459300223;S
20240124;101217;581.750000000;321;9459300342;B
20240124;101217;581.750000000;179;9459300343;B
20240124;101218;581.700000000;47;9459300443;S
20240124;101218;581.700000000;87;9459300444;S
20240124;101218;581.700000000;13;9459300445;S
20240124;101218;581.600000000;10;9459300446;S
20240124;101218;581.700000000;518;9459300492;B
20240124;101218;581.700000000;48;9459300493;B
20240124;101218;581.750000000;434;9459300494;B
20240124;101220;581.700000000;518;9459300753;B
20240124;101220;581.750000000;887;9459300754;B
20240124;101220;581.750000000;1;9459300755;B
20240124;101220;581.800000000;594;9459300756;B
20240124;101221;581.750000000;100;9459300920;B
20240124;101222;581.750000000;1;9459301012;B
20240124;101223;581.800000000;4;9459301073;B
20240124;101226;581.550000000;1;9459301549;S
20240124;101230;581.750000000;1;9459302103;B
20240124;101231;581.600000000;10;9459302261;S
20240124;101233;581.750000000;4;9459302383;B
20240124;101234;581.750000000;1;9459302517;B
20240124;101234;581.600000000;1;9459302588;S
20240124;101237;581.750000000;2;9459302875;B
20240124;101238;581.600000000;1;9459303009;S
20240124;101238;581.750000000;1;9459303032;B
20240124;101240;581.750000000;1;9459303310;B
20240124;101245;581.750000000;1;9459303921;B
20240124;101247;581.750000000;39;9459304172;B
20240124;101248;581.800000000;5;9459304296;B
20240124;101248;581.800000000;714;9459304304;B
20240124;101248;581.800000000;1;9459304305;B
20240124;101248;581.800000000;15;9459304306;B
20240124;101248;581.800000000;1;9459304307;B
20240124;101248;581.800000000;14;9459304308;B
20240124;101248;581.850000000;2;9459304309;B
20240124;101248;581.900000000;1;9459304310;B
20240124;101248;581.900000000;300;9459304311;B
20240124;101248;581.900000000;1;9459304312;B
20240124;101248;581.900000000;200;9459304313;B
20240124;101248;581.900000000;1;9459304314;B
20240124;101248;581.900000000;10;9459304315;B
20240124;101248;581.900000000;10;9459304316;B
20240124;101248;581.900000000;48;9459304317;B
20240124;101248;581.950000000;80;9459304318;B
20240124;101248;581.950000000;5;9459304319;B
20240124;101248;581.950000000;36;9459304320;B
20240124;101248;581.950000000;20;9459304321;B
20240124;101248;581.950000000;3;9459304322;B
20240124;101248;581.950000000;4;9459304323;B
20240124;101248;581.950000000;20;9459304324;B
20240124;101248;582.000000000;80;9459304325;B
20240124;101248;582.000000000;100;9459304326;B
20240124;101248;582.000000000;1;9459304327;B
20240124;101248;582.000000000;1;9459304328;B
20240124;101248;582.000000000;2;9459304329;B
20240124;101248;582.000000000;4;9459304330;B
20240124;101248;582.000000000;5;9459304331;B
20240124;101248;582.000000000;3;9459304332;B
20240124;101248;582.000000000;318;9459304333;B
20240124;101249;581.800000000;48;9459304358;S
20240124;101249;581.800000000;352;9459304359;S
20240124;101249;581.750000000;180;9459304521;S
20240124;101253;581.800000000;1;9459305080;S
20240124;101254;581.800000000;10;9459305116;S
20240124;101254;581.800000000;4;9459305189;S
20240124;101255;581.800000000;1;9459305377;S
20240124;101256;581.800000000;11;9459305526;S
20240124;101257;581.800000000;1;9459305650;S
20240124;101257;581.850000000;1;9459305659;B
20240124;101258;581.850000000;10;9459305738;B
20240124;101259;581.850000000;3;9459305824;B
20240124;101300;581.800000000;2;9459305985;S
20240124;101300;581.800000000;1;9459305986;S
20240124;101300;581.800000000;1;9459305987;S
20240124;101300;581.800000000;1;9459305988;S
20240124;101300;581.800000000;1;9459305989;S
20240124;101300;581.800000000;1;9459305990;S
20240124;101300;581.800000000;1;9459305991;S
20240124;101300;581.800000000;1;9459305992;S
20240124;101301;581.750000000;15;9459306188;S
20240124;101303;581.800000000;1;9459306368;B
20240124;101304;581.800000000;40;9459306583;B
20240124;101304;581.800000000;2;9459306584;B
20240124;101306;581.800000000;2;9459306752;B
20240124;101306;581.800000000;1;9459307109;B
20240124;101306;581.800000000;2;9459307158;B
20240124;101310;581.750000000;1;9459308069;S
20240124;101310;581.750000000;20;9459308080;S
20240124;101314;581.750000000;10;9459308766;S
20240124;101315;581.750000000;25;9459308857;S
20240124;101315;581.800000000;3;9459308919;B
20240124;101315;581.800000000;7;9459308920;B
20240124;101315;581.750000000;2;9459308958;S
20240124;101316;581.800000000;1993;9459309027;B
20240124;101316;581.800000000;7;9459309028;B
20240124;101318;581.800000000;1;9459309209;B
20240124;101318;581.800000000;17;9459309240;B
20240124;101320;581.800000000;1;9459309430;B
20240124;101320;581.750000000;25;9459309469;S
20240124;101321;581.800000000;1;9459309578;B
20240124;101322;581.750000000;1;9459309770;S
20240124;101323;581.800000000;1;9459309948;B
20240124;101324;581.750000000;2;9459310262;S
20240124;101326;581.750000000;10;9459310506;S
20240124;101327;581.800000000;2;9459310535;B
20240124;101329;581.750000000;64;9459310814;S
20240124;101332;581.800000000;5;9459311137;B
20240124;101332;581.800000000;36;9459311138;B
20240124;101335;581.750000000;14;9459311584;S
20240124;101335;581.800000000;155;9459311588;B
20240124;101335;581.750000000;5;9459311657;S
20240124;101336;581.750000000;1;9459311778;S
20240124;101337;581.800000000;1;9459311841;B
20240124;101337;581.800000000;85;9459311855;B
20240124;101337;581.800000000;100;9459311924;B
20240124;101338;581.800000000;6;9459312045;B
20240124;101338;581.800000000;117;9459312148;B
20240124;101338;581.800000000;23;9459312149;B
20240124;101338;581.800000000;20;9459312198;B
20240124;101339;581.800000000;257;9459312212;B
20240124;101339;581.800000000;5;9459312213;B
20240124;101339;581.800000000;56;9459312214;B
20240124;101339;581.800000000;1;9459312215;B
20240124;101339;581.800000000;200;9459312216;B
20240124;101339;581.800000000;121;9459312217;B
20240124;101340;581.800000000;1;9459312406;S
20240124;101340;581.800000000;10;9459312446;S
20240124;101340;581.800000000;36;9459312569;S
20240124;101341;581.850000000;1;9459312591;B
20240124;101343;581.850000000;1;9459312805;B
20240124;101343;581.800000000;1;9459312896;S
20240124;101343;581.800000000;3;9459312901;S
20240124;101344;581.800000000;10;9459312966;S
20240124;101345;581.850000000;470;9459313224;B
20240124;101346;581.800000000;1;9459313401;S
20240124;101347;581.850000000;1;9459313617;B
20240124;101350;581.800000000;3;9459313930;S
20240124;101350;581.800000000;1;9459314045;S
20240124;101350;581.800000000;2;9459314058;S
20240124;101351;581.850000000;1;9459314193;B
20240124;101352;581.800000000;1;9459314359;S
20240124;101352;581.850000000;4;9459314418;B
20240124;101353;581.850000000;10;9459314542;B
20240124;101353;581.850000000;3;9459314631;B
20240124;101354;581.850000000;1;9459314682;B
20240124;101354;581.850000000;100;9459314728;B
20240124;101355;581.850000000;2;9459314779;B
20240124;101355;581.800000000;166;9459314780;S
20240124;101355;581.800000000;49;9459314781;S
20240124;101356;581.800000000;50;9459314916;S
20240124;101356;581.850000000;1;9459315008;B
20240124;101357;581.800000000;1;9459315167;S
20240124;101359;581.800000000;1;9459315438;S
20240124;101401;581.850000000;90;9459315618;B
20240124;101402;581.850000000;1;9459315779;B
20240124;101402;581.800000000;2;9459315801;S
20240124;101402;581.800000000;2;9459315833;S
20240124;101403;581.850000000;85;9459315896;B
20240124;101403;581.850000000;100;9459315963;B
20240124;101404;581.800000000;117;9459316115;S
20240124;101405;581.850000000;115;9459316164;B
20240124;101405;581.850000000;47;9459316165;B
20240124;101405;581.850000000;5;9459316166;B
20240124;101405;581.850000000;6;9459316167;B
20240124;101405;581.900000000;25;9459316168;B
20240124;101405;581.900000000;202;9459316169;B
20240124;101406;581.850000000;9;9459316293;S
20240124;101406;581.900000000;96;9459316319;B
20240124;101406;581.950000000;3;9459316320;B
20240124;101406;581.950000000;247;9459316321;B
20240124;101406;581.950000000;1154;9459316322;B
20240124;101406;581.900000000;64;9459316334;S
20240124;101407;581.950000000;1;9459316459;B
20240124;101408;581.900000000;2;9459316508;S
20240124;101409;581.900000000;5;9459316739;S
20240124;101411;581.950000000;2;9459316981;B
20240124;101412;581.900000000;107;9459317034;S
20240124;101412;581.900000000;1;9459317100;B
20240124;101412;581.850000000;5;9459317111;S
20240124;101413;581.850000000;1;9459317283;S
20240124;101414;581.900000000;1;9459317341;B
20240124;101414;581.850000000;9;9459317374;S
20240124;101416;581.850000000;15;9459317540;B
20240124;101417;581.850000000;1;9459317706;B
20240124;101418;581.850000000;2;9459317951;B
20240124;101421;581.850000000;1;9459318179;B
20240124;101421;581.850000000;1;9459318269;B
20240124;101422;581.800000000;3;9459318493;S
20240124;101423;581.850000000;17;9459318519;B
20240124;101425;581.850000000;1;9459318831;B
20240124;101425;581.850000000;1;9459318858;B
20240124;101426;581.850000000;1;9459318928;B
20240124;101426;581.850000000;2;9459319019;B
20240124;101427;581.850000000;1;9459319128;B
20240124;101427;581.850000000;8;9459319152;B
20240124;101427;581.900000000;42;9459319153;B
20240124;101427;581.900000000;1;9459319155;B
20240124;101429;581.800000000;1;9459319416;S
20240124;101429;581.800000000;4;9459319475;S
20240124;101429;581.800000000;1;9459319476;S
20240124;101429;581.800000000;1;9459319477;S
20240124;101430;581.750000000;24;9459319528;S
20240124;101431;581.850000000;1;9459319709;B
20240124;101432;581.750000000;62;9459319730;S
20240124;101432;581.750000000;10;9459319731;S
20240124;101432;581.750000000;28;9459319732;S
20240124;101438;581.750000000;14;9459320470;S
20240124;101439;581.800000000;1;9459320673;B
20240124;101440;581.850000000;5;9459320695;B
20240124;101441;581.750000000;8;9459320994;S
20240124;101441;581.800000000;2;9459321060;B
20240124;101442;581.750000000;1;9459321205;S
20240124;101442;581.750000000;3;9459321269;S
20240124;101444;581.750000000;546;9459321509;S
20240124;101444;581.750000000;10;9459321510;S
20240124;101444;581.750000000;5;9459321511;S
20240124;101444;581.700000000;1;9459321518;S
20240124;101444;581.700000000;1;9459321519;S
20240124;101444;581.650000000;1;9459321520;S
20240124;101444;581.600000000;1;9459321531;S
20240124;101444;581.750000000;1;9459321549;B
20240124;101445;581.750000000;17;9459321586;B
20240124;101446;581.750000000;21;9459321706;B
20240124;101446;581.750000000;4;9459321707;B
20240124;101451;581.600000000;9;9459322352;S
20240124;101451;581.550000000;1;9459322353;S
20240124;101451;581.550000000;2;9459322354;S
20240124;101451;581.550000000;98;9459322355;S
20240124;101452;581.550000000;7;9459322610;S
20240124;101459;581.500000000;1;9459323500;S
20240124;101503;581.500000000;10;9459324271;S
20240124;101506;581.500000000;2;9459324847;S
20240124;101506;581.600000000;2;9459325172;B
20240124;101511;581.500000000;3;9459326312;S
20240124;101515;581.600000000;2;9459327190;B
20240124;101519;581.500000000;5;9459328028;S
20240124;101520;581.550000000;1;9459328313;S
20240124;101521;581.550000000;22;9459328511;S
20240124;101522;581.600000000;1;9459328714;B
20240124;101522;581.700000000;1;9459328790;B
20240124;101522;581.700000000;40;9459328895;B
20240124;101523;581.700000000;6;9459329037;B
20240124;101523;581.550000000;1;9459329083;S
20240124;101525;581.550000000;41;9459329452;S
20240124;101525;581.600000000;1;9459329485;B
20240124;101525;581.700000000;1;9459329505;B
20240124;101525;581.550000000;1;9459329585;S
20240124;101532;581.650000000;10;9459330730;B
20240124;101532;581.600000000;2;9459330828;S
20240124;101534;581.650000000;2;9459331450;B
20240124;101539;581.650000000;1;9459332272;B
20240124;101539;581.650000000;1;9459332277;B
20240124;101540;581.600000000;6;9459332395;S
20240124;101544;581.700000000;1;9459333086;B
20240124;101544;581.700000000;1;9459333111;B
20240124;101545;581.650000000;1;9459333121;S
20240124;101545;581.700000000;1;9459333184;B
20240124;101545;581.700000000;4;9459333207;B
20240124;101546;581.650000000;1;9459333286;S
20240124;101546;581.650000000;1;9459333331;S
20240124;101546;581.650000000;7;9459333335;S
20240124;101546;581.600000000;492;9459333336;S
20240124;101546;581.550000000;1;9459333337;S
20240124;101546;581.650000000;1;9459333339;B
20240124;101547;581.550000000;22;9459333443;S
20240124;101549;581.550000000;1;9459333750;S
20240124;101549;581.700000000;1;9459333754;B
20240124;101551;581.700000000;1;9459334051;B
20240124;101553;581.650000000;2;9459334279;B
20240124;101555;581.650000000;6;9459334530;B
20240124;101557;581.550000000;284;9459334961;S
20240124;101558;581.550000000;1;9459335463;B
20240124;101558;581.550000000;2;9459335531;B
20240124;101559;581.550000000;6;9459335808;B
20240124;101600;581.500000000;2;9459335917;S
20240124;101600;581.500000000;1470;9459335945;S
20240124;101600;581.500000000;100;9459335946;S
20240124;101600;581.500000000;2;9459335947;S
20240124;101600;581.500000000;1;9459335948;S
20240124;101600;581.500000000;2;9459335949;S
20240124;101600;581.450000000;425;9459335950;S
20240124;101600;581.450000000;1;9459335964;S
20240124;101600;581.450000000;29;9459335965;S
20240124;101600;581.450000000;1;9459335966;S
20240124;101601;581.550000000;10;9459336076;B
20240124;101603;581.450000000;1000;9459336445;S
20240124;101605;581.550000000;1;9459337010;B
20240124;101606;581.450000000;500;9459337101;S
20240124;101607;581.450000000;218;9459337257;S
20240124;101607;581.450000000;1;9459337326;B
20240124;101608;581.450000000;4;9459337446;B
20240124;101608;581.450000000;2;9459337469;B
20240124;101608;581.450000000;1;9459337477;B
20240124;101608;581.450000000;1;9459337485;B
20240124;101608;581.450000000;4;9459337519;B
20240124;101610;581.450000000;7;9459337919;B
20240124;101610;581.450000000;2;9459337935;B
20240124;101610;581.450000000;1;9459338019;B
20240124;101610;581.450000000;2;9459338039;B
20240124;101610;581.450000000;5;9459338062;B
20240124;101611;581.400000000;2;9459338073;S
20240124;101611;581.400000000;3;9459338074;S
20240124;101611;581.400000000;500;9459338098;S
20240124;101611;581.400000000;2;9459338126;S
20240124;101612;581.400000000;170;9459338327;S
20240124;101613;581.450000000;1;9459338534;B
20240124;101613;581.450000000;2;9459338594;B
20240124;101614;581.450000000;1;9459338692;B
20240124;101615;581.450000000;2;9459338925;B
20240124;101616;581.450000000;1;9459339150;B
20240124;101616;581.450000000;1;9459339152;B
20240124;101616;581.400000000;18;9459339177;S
20240124;101617;581.450000000;4;9459339188;B
20240124;101617;581.450000000;2;9459339189;B
20240124;101617;581.400000000;1;9459339200;S
20240124;101618;581.450000000;2;9459339597;B
20240124;101619;581.450000000;25;9459339632;B
20240124;101619;581.450000000;1;9459339694;B
20240124;101619;581.450000000;2;9459339695;B
20240124;101619;581.450000000;3;9459339702;B
20240124;101619;581.450000000;10;9459339761;B
20240124;101620;581.450000000;1;9459339878;B
20240124;101620;581.400000000;1;9459339879;S
20240124;101620;581.450000000;3;9459340080;B
20240124;101620;581.450000000;1;9459340085;B
20240124;101620;581.450000000;4;9459340094;B
20240124;101621;581.400000000;1;9459340278;S
20240124;101621;581.450000000;79;9459340350;B
20240124;101621;581.400000000;1;9459340351;S
20240124;101621;581.450000000;1;9459340352;B
20240124;101621;581.450000000;1;9459340434;B
20240124;101622;581.450000000;1;9459340466;B
20240124;101622;581.450000000;1;9459340511;B
20240124;101622;581.450000000;1;9459340522;B
20240124;101622;581.450000000;102;9459340584;B
20240124;101622;581.450000000;48;9459340585;B
20240124;101622;581.450000000;4;9459340586;B
20240124;101622;581.450000000;46;9459340587;B
20240124;101622;581.450000000;2;9459340625;B
20240124;101623;581.450000000;170;9459340649;B
20240124;101623;581.450000000;2;9459340659;B
20240124;101623;581.400000000;1;9459340660;S
20240124;101623;581.450000000;1;9459340667;B
20240124;101623;581.450000000;1;9459340676;B
20240124;101623;581.450000000;2;9459340723;B
20240124;101623;581.450000000;2;9459340755;B
20240124;101624;581.400000000;1;9459340771;S
20240124;101624;581.450000000;1;9459340827;B
20240124;101624;581.450000000;3;9459340893;B
20240124;101624;581.450000000;2;9459340930;B
20240124;101625;581.450000000;7;9459341011;B
20240124;101625;581.450000000;6;9459341021;B
20240124;101625;581.400000000;1;9459341029;S
20240124;101625;581.400000000;2;9459341070;S
20240124;101626;581.400000000;1;9459341145;S
20240124;101626;581.450000000;1;9459341176;B
20240124;101626;581.400000000;1;9459341177;S
20240124;101626;581.450000000;11;9459341188;B
20240124;101626;581.400000000;40;9459341242;S
20240124;101626;581.450000000;11;9459341260;B
20240124;101626;581.450000000;1;9459341274;B
20240124;101627;581.450000000;2;9459341306;B
20240124;101627;581.450000000;1;9459341313;B
20240124;101627;581.450000000;100;9459341467;B
20240124;101627;581.400000000;6;9459341478;S
20240124;101627;581.400000000;2;9459341479;S
20240124;101627;581.400000000;12;9459341480;S
20240124;101628;581.450000000;2;9459341566;B
20240124;101628;581.450000000;4;9459341570;B
20240124;101628;581.450000000;1;9459341614;B
20240124;101629;581.450000000;1;9459341667;B
20240124;101629;581.450000000;2;9459341726;B
20240124;101629;581.450000000;1;9459341768;B
20240124;101629;581.450000000;4;9459341840;B
20240124;101630;581.450000000;2;9459341846;B
20240124;101630;581.450000000;1;9459341856;B
20240124;101630;581.450000000;5;9459341900;B
20240124;101630;581.400000000;6;9459341939;S
20240124;101630;581.450000000;1;9459341979;B
20240124;101630;581.450000000;4;9459342005;B
20240124;101631;581.450000000;1;9459342048;B
20240124;101631;581.450000000;2;9459342072;B
20240124;101631;581.450000000;1;9459342088;B
20240124;101632;581.450000000;1;9459342273;B
20240124;101633;581.450000000;10;9459342325;B
20240124;101633;581.450000000;4;9459342337;B
20240124;101633;581.450000000;2;9459342403;B
20240124;101633;581.450000000;9;9459342406;B
20240124;101633;581.450000000;1;9459342411;B
20240124;101634;581.400000000;9;9459342532;S
20240124;101634;581.450000000;1;9459342566;B
20240124;101634;581.450000000;1;9459342603;B
20240124;101634;581.450000000;10;9459342659;B
20240124;101635;581.450000000;2;9459342688;B
20240124;101635;581.450000000;1;9459342739;B
20240124;101636;581.450000000;1;9459342822;B
20240124;101636;581.450000000;2;9459342951;B
20240124;101637;581.450000000;3;9459342975;B
20240124;101637;581.450000000;1;9459343003;B
20240124;101637;581.450000000;1;9459343069;B
20240124;101638;581.450000000;1;9459343189;B
20240124;101639;581.400000000;1;9459343260;S
20240124;101639;581.450000000;2;9459343270;B
20240124;101639;581.400000000;5;9459343290;S
20240124;101639;581.400000000;2;9459343291;S
20240124;101639;581.400000000;10;9459343292;S
20240124;101640;581.400000000;9;9459343363;B
20240124;101640;581.400000000;3;9459343394;B
20240124;101640;581.400000000;12;9459343395;B
20240124;101640;581.400000000;5;9459343444;B
20240124;101640;581.350000000;1;9459343445;S
20240124;101640;581.450000000;2;9459343456;B
20240124;101640;581.350000000;15;9459343487;S
20240124;101640;581.300000000;2;9459343488;S
20240124;101640;581.300000000;1;9459343489;S
20240124;101642;581.250000000;1;9459343735;S
20240124;101642;581.250000000;15;9459343736;S
20240124;101642;581.250000000;5;9459343737;S
20240124;101647;581.350000000;2;9459344574;B
20240124;101650;581.250000000;13;9459344884;S
20240124;101651;581.250000000;1;9459345019;S
20240124;101653;581.350000000;1;9459345198;B
20240124;101655;581.350000000;1;9459345418;B
20240124;101658;581.350000000;4;9459345824;B
20240124;101659;581.350000000;3;9459345855;B
20240124;101659;581.250000000;1;9459345996;S
20240124;101703;581.350000000;16;9459346561;B
20240124;101703;581.350000000;6;9459346562;B
20240124;101703;581.250000000;11;9459346577;S
20240124;101704;581.350000000;4;9459346708;B
20240124;101705;581.350000000;14;9459346790;B
20240124;101708;581.350000000;1;9459347122;B
20240124;101709;581.250000000;4;9459347370;S
20240124;101710;581.200000000;1;9459347395;S
20240124;101711;581.250000000;10;9459347510;B
20240124;101711;581.200000000;1;9459347612;S
20240124;101711;581.200000000;1;9459347613;S
20240124;101712;581.250000000;1;9459347635;B
20240124;101713;581.250000000;3;9459347780;B
20240124;101715;581.250000000;5;9459348154;B
20240124;101717;581.250000000;2;9459348303;B
20240124;101718;581.250000000;2;9459348454;B
20240124;101719;581.150000000;8;9459348522;S
20240124;101719;581.150000000;1;9459348523;S
20240124;101719;581.150000000;3;9459348524;S
20240124;101719;581.150000000;1;9459348525;S
20240124;101719;581.100000000;1;9459348526;S
20240124;101719;581.100000000;1;9459348527;S
20240124;101719;581.100000000;2;9459348528;S
20240124;101719;581.100000000;45;9459348529;S
20240124;101719;581.050000000;150;9459348530;S
20240124;101720;581.000000000;3;9459348599;S
20240124;101720;581.000000000;9;9459348600;S
20240124;101720;581.000000000;2;9459348601;S
20240124;101720;581.000000000;1;9459348602;S
20240124;101720;581.000000000;6;9459348603;S
20240124;101720;581.000000000;5;9459348679;S
20240124;101720;581.000000000;189;9459348682;S
20240124;101720;581.000000000;33;9459348683;S
20240124;101720;581.000000000;100;9459348684;S
20240124;101720;581.000000000;3;9459348685;S
20240124;101720;581.000000000;5;9459348686;S
20240124;101720;581.000000000;4;9459348687;S
20240124;101720;581.000000000;15;9459348688;S
20240124;101720;581.000000000;151;9459348689;S
20240124;101731;581.200000000;10;9459350044;B
20240124;101731;581.250000000;1;9459350045;B
20240124;101733;581.250000000;18;9459350221;B
20240124;101733;581.250000000;44;9459350222;B
20240124;101733;581.250000000;20;9459350223;B
20240124;101733;581.250000000;10;9459350224;B
20240124;101733;581.300000000;8;9459350225;B
20240124;101739;581.100000000;1;9459351187;S
20240124;101739;581.300000000;1;9459351278;B
20240124;101739;581.300000000;2;9459351364;B
20240124;101742;581.100000000;44;9459351838;S
20240124;101742;581.100000000;200;9459351839;S
