<DATE>;<TIME>;<LAST>;<VOL>;<ID>;<OPER>
20240411;095938;573.2;1;10089535040;S
20240411;095938;573.2;2;10089535041;S
20240411;095938;573.2;2;10089535042;B
20240411;095938;573.2;2;10089535043;S
20240411;095938;573.2;4;10089535044;S
20240411;095938;573.2;2;10089535045;S
20240411;095938;573.2;1;10089535046;S
20240411;095938;573.2;1;10089535047;S
20240411;095938;573.2;9;10089535048;S
20240411;095938;573.2;2;10089535049;S
20240411;095938;573.2;10;10089535050;S
20240411;095938;573.2;14;10089535051;S
20240411;095938;573.2;1;10089535052;S
20240411;095938;573.2;5;10089535053;S
20240411;095938;573.2;1;10089535054;S
20240411;095938;573.2;130;10089535055;S
20240411;095938;573.2;1;10089535056;S
20240411;095938;573.2;71;10089535057;S
20240411;095938;573.2;5;10089535058;S
20240411;095938;573.2;170;10089535059;S
20240411;095938;573.2;3;10089535060;S
20240411;095938;573.2;180;10089535061;S
20240411;095938;573.2;8;10089535062;S
20240411;095938;573.2;1;10089535063;S
20240411;095938;573.2;107;10089535064;S
20240411;095938;573.2;500;10089535065;B
20240411;095938;573.2;393;10089535066;B
20240411;095938;573.2;12;10089535067;B
20240411;095938;573.2;10;10089535068;B
20240411;095938;573.2;85;10089535069;B
20240411;095938;573.2;415;10089535070;B
20240411;095938;573.2;1;10089535071;B
20240411;095938;573.2;79;10089535072;B
20240411;095938;573.2;1;10089535073;S
20240411;095938;573.2;4;10089535074;S
20240411;095938;573.2;500;10089535075;S
20240411;095938;573.2;7;10089535076;S
20240411;095938;573.2;2;10089535077;B
20240411;095938;573.2;3;10089535078;B
20240411;095938;573.2;10;10089535079;S
20240411;095938;573.2;5;10089535080;S
20240411;095938;573.2;4;10089535081;B
20240411;095938;573.2;1;10089535082;S
20240411;095938;573.2;2;10089535083;S
20240411;095938;573.2;1;10089535084;S
20240411;095938;573.2;4;10089535085;B
20240411;095938;573.2;1;10089535086;B
20240411;095938;573.2;1;10089535087;B
20240411;095938;573.2;1;10089535088;B
20240411;095938;573.2;3;10089535089;B
20240411;095938;573.2;351;10089535090;B
20240411;095938;573.2;1;10089535091;B
20240411;095938;573.2;3;10089535092;B
20240411;095938;573.2;145;10089535093;S
20240411;095938;573.2;355;10089535094;S
20240411;095938;573.2;20;10089535095;B
20240411;095938;573.2;20;10089535096;B
20240411;095938;573.2;1;10089535097;S
20240411;095938;573.2;104;10089535098;S
20240411;095938;573.2;1;10089535099;B
20240411;095938;573.2;3;10089535100;S
20240411;095938;573.2;5;10089535101;S
20240411;095938;573.2;3;10089535102;S
20240411;095938;573.2;14;10089535103;S
20240411;095938;573.2;36;10089535104;S
20240411;095938;573.2;2;10089535105;S
20240411;095938;573.2;62;10089535106;S
20240411;095938;573.2;1;10089535107;S
20240411;095938;573.2;52;10089535108;S
20240411;095938;573.2;1;10089535109;S
20240411;095938;573.2;2;10089535110;S
20240411;095938;573.2;2;10089535111;S
20240411;095938;573.2;2;10089535112;S
20240411;095938;573.2;1;10089535113;S
20240411;095938;573.2;60;10089535114;S
20240411;095938;573.2;1;10089535115;S
20240411;095938;573.2;16;10089535116;S
20240411;095938;573.2;2;10089535117;S
20240411;095938;573.2;2;10089535118;B
20240411;095938;573.2;1;10089535119;S
20240411;095938;573.2;1;10089535120;S
20240411;095938;573.2;1;10089535121;S
20240411;095938;573.2;1;10089535122;S
20240411;095938;573.2;1;10089535123;S
20240411;095938;573.2;1;10089535124;S
20240411;095938;573.2;1;10089535125;S
20240411;095938;573.2;1;10089535126;S
20240411;095938;573.2;1;10089535127;S
20240411;095938;573.2;1;10089535128;S
20240411;095938;573.2;1;10089535129;S
20240411;095938;573.2;1;10089535130;S
20240411;095938;573.2;1;10089535131;S
20240411;095938;573.2;1;10089535132;S
20240411;095938;573.2;2;10089535133;S
20240411;095938;573.2;1;10089535134;S
20240411;095938;573.2;1;10089535135;S
20240411;095938;573.2;1;10089535136;S
20240411;095938;573.2;1;10089535137;S
20240411;095938;573.2;3;10089535138;S
20240411;095938;573.2;1;10089535139;S
20240411;095938;573.2;1;10089535140;S
20240411;095938;573.2;2;10089535141;S
20240411;095938;573.2;1;10089535142;S
20240411;095938;573.2;1;10089535143;S
20240411;095938;573.2;1;10089535144;S
20240411;095938;573.2;1;10089535145;S
20240411;095938;573.2;1;10089535146;S
20240411;095938;573.2;1;10089535147;S
20240411;095938;573.2;2;10089535148;S
20240411;095938;573.2;2;10089535149;S
20240411;095938;573.2;2;10089535150;S
20240411;095938;573.2;2;10089535151;S
20240411;095938;573.2;1;10089535152;S
20240411;095938;573.2;1;10089535153;S
20240411;095938;573.2;1;10089535154;S
20240411;095938;573.2;1;10089535155;S
20240411;095938;573.2;1;10089535156;S
20240411;095938;573.2;2;10089535157;S
20240411;095938;573.2;2;10089535158;S
20240411;095938;573.2;1;10089535159;S
20240411;095938;573.2;1;10089535160;S
20240411;095938;573.2;1;10089535161;S
20240411;095938;573.2;1;10089535162;S
20240411;095938;573.2;2;10089535163;S
20240411;095938;573.2;1;10089535164;S
20240411;095938;573.2;2;10089535165;S
20240411;095938;573.2;2;10089535166;S
20240411;095938;573.2;1;10089535167;S
20240411;095938;573.2;1;10089535168;S
20240411;095938;573.2;1;10089535169;S
20240411;095938;573.2;1;10089535170;S
20240411;095938;573.2;1;10089535171;S
20240411;095938;573.2;1;10089535172;S
20240411;095938;573.2;1;10089535173;S
20240411;095938;573.2;1;10089535174;S
20240411;095938;573.2;1;10089535175;S
20240411;095938;573.2;1;10089535176;S
20240411;095938;573.2;1;10089535177;S
20240411;095938;573.2;1;10089535178;S
20240411;095938;573.2;2;10089535179;S
20240411;095938;573.2;1;10089535180;S
20240411;095938;573.2;1;10089535181;S
20240411;095938;573.2;1;10089535182;S
20240411;095938;573.2;4;10089535183;S
20240411;095938;573.2;1;10089535184;S
20240411;095938;573.2;1;10089535185;S
20240411;095938;573.2;100;10089535186;S
20240411;095938;573.2;2;10089535187;S
20240411;095938;573.2;1;10089535188;S
20240411;095938;573.2;2;10089535189;S
20240411;095938;573.2;2;10089535190;S
20240411;095938;573.2;1;10089535191;S
20240411;095938;573.2;2;10089535192;S
20240411;095938;573.2;5;10089535193;S
20240411;095938;573.2;1;10089535194;S
20240411;095938;573.2;2;10089535195;S
20240411;095938;573.2;1;10089535196;S
20240411;095938;573.2;100;10089535197;S
20240411;095938;573.2;1;10089535198;S
20240411;095938;573.2;173;10089535199;S
20240411;095938;573.2;9;10089535200;S
20240411;095938;573.2;1;10089535201;S
20240411;095938;573.2;1;10089535202;S
20240411;095938;573.2;6;10089535203;S
20240411;095938;573.2;1;10089535204;S
20240411;095938;573.2;1;10089535205;S
20240411;100000;573.25;1;10089541435;B
20240411;100000;573.45;4;10089541961;B
20240411;100004;573.35;2;10089544741;S
20240411;100004;573.45;1;10089544742;B
20240411;100004;573.3;1;10089544743;S
20240411;100004;573.45;1;10089544745;B
20240411;100005;573.3;12;10089544748;S
20240411;100005;573.3;6;10089544754;S
20240411;100005;573.45;1;10089544755;B
20240411;100005;573.45;1;10089544756;B
20240411;100005;573.3;4;10089545219;S
20240411;100005;573.3;2;10089545220;S
20240411;100005;573.45;2;10089545221;B
20240411;100005;573.3;4;10089545223;S
20240411;100005;573.45;1;10089545226;B
20240411;100005;573.45;2;10089545227;B
20240411;100005;573.45;1;10089545228;B
20240411;100005;573.45;1;10089545229;B
20240411;100005;573.3;1;10089545231;S
20240411;100005;573.3;1;10089545232;S
20240411;100005;573.3;1;10089545234;S
20240411;100005;573.3;1;10089545236;S
20240411;100005;573.3;3;10089545237;S
20240411;100005;573.45;1;10089545238;B
20240411;100005;573.3;2;10089545424;S
20240411;100005;573.45;1;10089545433;B
20240411;100005;573.3;2;10089545434;S
20240411;100005;573.3;2;10089545436;S
20240411;100005;573.3;2;10089545442;S
20240411;100005;573.3;2;10089545443;S
20240411;100005;573.45;1;10089545447;B
20240411;100005;573.45;1;10089545449;B
20240411;100005;573.45;1;10089545454;B
20240411;100005;573.45;1;10089545463;B
20240411;100005;573.3;1;10089545473;S
20240411;100005;573.45;9;10089545480;B
20240411;100005;573.45;1;10089545484;B
20240411;100005;573.3;2;10089545487;S
20240411;100005;573.45;1;10089545488;B
20240411;100005;573.3;2;10089545493;S
20240411;100005;573.45;1;10089545499;B
20240411;100005;573.45;30;10089545500;B
20240411;100005;573.45;30;10089545509;B
20240411;100005;573.45;2;10089545853;B
20240411;100005;573.3;2;10089545855;S
20240411;100005;573.3;57;10089545858;S
20240411;100005;573.4;1;10089545860;B
20240411;100005;573.25;2;10089545863;S
20240411;100005;573.25;1;10089545868;S
20240411;100005;573.25;4;10089545869;S
20240411;100005;573.25;2;10089545872;S
20240411;100005;573.25;2;10089545873;S
20240411;100005;573.25;1;10089545875;S
20240411;100005;573.25;3;10089545885;S
20240411;100005;573.4;1;10089545966;B
20240411;100005;573.25;2;10089545967;S
20240411;100005;573.25;1;10089545968;S
20240411;100005;573.4;1;10089546128;B
20240411;100005;573.25;4;10089546134;S
20240411;100005;573.25;2;10089546138;S
20240411;100005;573.4;1;10089546142;B
20240411;100005;573.4;2;10089546145;B
20240411;100005;573.25;1;10089546156;S
20240411;100005;573.4;2;10089546158;B
20240411;100006;573.4;1;10089546169;B
20240411;100006;573.4;2;10089546171;B
20240411;100006;573.4;1;10089546174;B
20240411;100006;573.4;1;10089546177;B
20240411;100006;573.4;1;10089546587;B
20240411;100006;573.25;2;10089546589;S
20240411;100006;573.25;2;10089546592;S
20240411;100006;573.4;3;10089546594;B
20240411;100006;573.4;1;10089546597;B
20240411;100006;573.4;1;10089546600;B
20240411;100006;573.4;1;10089546603;B
20240411;100006;573.25;3;10089546609;S
20240411;100006;573.25;2;10089546612;S
20240411;100006;573.25;3;10089546617;S
20240411;100006;573.25;2;10089546626;S
20240411;100006;573.4;2;10089546629;B
20240411;100006;573.25;2;10089546632;S
20240411;100006;573.4;1;10089546635;B
20240411;100006;573.4;1;10089546641;B
20240411;100006;573.4;1;10089546643;B
20240411;100006;573.4;2;10089546649;B
20240411;100006;573.25;11;10089546651;S
20240411;100006;573.25;2;10089546653;S
20240411;100006;573.4;1;10089546656;B
20240411;100006;573.25;2;10089546662;S
20240411;100006;573.25;2;10089546664;S
20240411;100006;573.4;2;10089546667;B
20240411;100006;573.25;2;10089546674;S
20240411;100006;573.4;1;10089546678;B
20240411;100006;573.25;2;10089546690;S
20240411;100006;573.25;2;10089546692;S
20240411;100006;573.25;1;10089546696;S
20240411;100006;573.25;2;10089546767;S
20240411;100006;573.25;2;10089546771;S
20240411;100006;573.4;1;10089546778;B
20240411;100006;573.4;2;10089546779;B
20240411;100006;573.25;1;10089546785;S
20240411;100006;573.25;5;10089547287;S
20240411;100006;573.25;1;10089547294;S
20240411;100006;573.25;2;10089547302;S
20240411;100006;573.25;2;10089547310;S
20240411;100006;573.25;5;10089547316;S
20240411;100006;573.4;1;10089547323;B
20240411;100006;573.4;1;10089547332;B
20240411;100006;573.45;2;10089547337;B
20240411;100006;573.25;2;10089547351;S
20240411;100006;573.4;2;10089547362;B
20240411;100006;573.25;1;10089547376;S
20240411;100006;573.25;2;10089547385;S
20240411;100006;573.4;6;10089547588;B
20240411;100007;573.4;1;10089548164;B
20240411;100007;573.25;2;10089548264;S
20240411;100007;573.4;1;10089548269;B
20240411;100007;573.25;1;10089548271;S
20240411;100007;573.25;1;10089548274;S
20240411;100007;573.25;2;10089548277;S
20240411;100007;573.4;1;10089548286;B
20240411;100007;573.25;2;10089548294;S
20240411;100007;573.4;2;10089548309;B
20240411;100007;573.25;2;10089548313;S
20240411;100007;573.4;1;10089548317;B
20240411;100007;573.25;2;10089548326;S
20240411;100007;573.4;1;10089548328;B
20240411;100007;573.4;1;10089548331;B
20240411;100007;573.25;2;10089548333;S
20240411;100007;573.4;1;10089548337;B
20240411;100007;573.4;1;10089548340;B
20240411;100007;573.25;2;10089548361;S
20240411;100007;573.25;17;10089548363;S
20240411;100007;573.4;1;10089548370;B
20240411;100007;573.25;3;10089548371;S
20240411;100007;573.25;1;10089548383;S
20240411;100007;573.4;1;10089548384;B
20240411;100007;573.4;1;10089548391;B
20240411;100007;573.4;2;10089548392;B
20240411;100007;573.5;1;10089548399;B
20240411;100007;573.5;3;10089548400;B
20240411;100007;573.5;1;10089548401;B
20240411;100007;573.5;2;10089548402;B
20240411;100007;573.25;7;10089548405;S
20240411;100007;573.25;50;10089548415;S
20240411;100007;573.25;3;10089548418;S
20240411;100007;573.25;1;10089548419;S
20240411;100007;573.5;1;10089548421;B
20240411;100007;573.25;2;10089548427;S
20240411;100007;573.25;26;10089548431;S
20240411;100007;573.5;1;10089548433;B
20240411;100007;573.25;2;10089548439;S
20240411;100007;573.45;2;10089548442;B
20240411;100007;573.5;1;10089548446;B
20240411;100007;573.45;1;10089548455;B
20240411;100007;573.25;2;10089548459;S
20240411;100007;573.25;2;10089548463;S
20240411;100007;573.25;2;10089548469;S
20240411;100007;573.25;11;10089548480;S
20240411;100007;573.25;2;10089548491;S
20240411;100007;573.25;1;10089548498;S
20240411;100007;573.25;2;10089548500;S
20240411;100007;573.25;1;10089548506;S
20240411;100007;573.25;1;10089548507;S
20240411;100007;573.25;1;10089548514;S
20240411;100007;573.45;2;10089548516;B
20240411;100007;573.25;1;10089548520;S
20240411;100007;573.25;1;10089548527;S
20240411;100007;573.25;2;10089548532;S
20240411;100007;573.25;2;10089548535;S
20240411;100007;573.25;1;10089548541;S
20240411;100007;573.25;1;10089548546;S
20240411;100007;573.25;1;10089548550;S
20240411;100007;573.45;2;10089548551;B
20240411;100007;573.45;1;10089548552;B
20240411;100007;573.25;1;10089548556;S
20240411;100007;573.25;3;10089548557;S
20240411;100007;573.45;1;10089548562;B
20240411;100007;573.45;2;10089548563;B
20240411;100007;573.45;1;10089548574;B
20240411;100007;573.45;1;10089548576;B
20240411;100007;573.25;2;10089548579;S
20240411;100007;573.25;1;10089548593;S
20240411;100007;573.25;1;10089548594;S
20240411;100007;573.25;2;10089548596;S
20240411;100007;573.45;2;10089548600;B
20240411;100007;573.45;1;10089548603;B
20240411;100007;573.25;1;10089548605;S
20240411;100007;573.25;1;10089548606;S
20240411;100007;573.45;1;10089548609;B
20240411;100007;573.45;2;10089548610;B
20240411;100007;573.45;1;10089548616;B
20240411;100007;573.45;1;10089548625;B
20240411;100007;573.45;1;10089548635;B
20240411;100007;573.45;1;10089548636;B
20240411;100007;573.25;36;10089548645;S
20240411;100007;573.45;1;10089548648;B
20240411;100007;573.25;2;10089548651;S
20240411;100007;573.45;1;10089548653;B
20240411;100007;573.25;3;10089548659;S
20240411;100007;573.25;1;10089548662;S
20240411;100007;573.25;2;10089548668;S
20240411;100007;573.45;1;10089548678;B
20240411;100007;573.45;1;10089548747;B
20240411;100007;573.45;1;10089548758;B
20240411;100007;573.25;1;10089548768;S
20240411;100007;573.45;1;10089548774;B
20240411;100007;573.45;1;10089548781;B
20240411;100007;573.5;1;10089548782;B
20240411;100007;573.5;5;10089548783;B
20240411;100007;573.5;3;10089548784;B
20240411;100007;573.45;1;10089548793;B
20240411;100007;573.45;1;10089548800;B
20240411;100007;573.25;2;10089548805;S
20240411;100007;573.45;2;10089548808;B
20240411;100007;573.5;1;10089548809;B
20240411;100007;573.25;2;10089548814;S
20240411;100007;573.5;1;10089548819;B
20240411;100007;573.25;2;10089548823;S
20240411;100007;573.25;1;10089548829;S
20240411;100007;573.25;2;10089548836;S
20240411;100007;573.5;2;10089548842;B
20240411;100007;573.5;1;10089548848;B
20240411;100007;573.5;1;10089548852;B
20240411;100007;573.25;2;10089548858;S
20240411;100007;573.25;35;10089548863;S
20240411;100007;573.5;91;10089548912;B
20240411;100007;573.5;1;10089548913;B
20240411;100007;573.5;1;10089548914;B
20240411;100007;573.55;4;10089548915;B
20240411;100007;573.55;20;10089548916;B
20240411;100007;573.6;4;10089548917;B
20240411;100007;573.6;392;10089548918;B
20240411;100007;573.65;4;10089548919;B
20240411;100007;573.7;4;10089548920;B
20240411;100007;573.7;479;10089548921;B
20240411;100007;573.25;1;10089549512;S
20240411;100007;573.65;1;10089549513;B
20240411;100007;573.3;1;10089549514;S
20240411;100007;573.25;2;10089549515;S
20240411;100007;573.25;2;10089549516;S
20240411;100007;573.25;1;10089549517;S
20240411;100007;573.65;2;10089549518;B
20240411;100007;573.65;1;10089549521;B
20240411;100007;573.65;1;10089549522;B
20240411;100007;573.65;1;10089549523;B
20240411;100007;573.65;2;10089549524;B
20240411;100007;573.25;2;10089549525;S
20240411;100007;573.65;1;10089549526;B
20240411;100007;573.25;2;10089549527;S
20240411;100007;573.25;2;10089549528;S
20240411;100007;573.65;1;10089549529;B
20240411;100007;573.65;105;10089549638;B
20240411;100007;573.65;6;10089549640;B
20240411;100007;573.65;271;10089549642;B
20240411;100007;573.7;45;10089549643;B
20240411;100007;573.75;4;10089549644;B
20240411;100007;573.75;20;10089549645;B
20240411;100007;573.75;2;10089549646;B
20240411;100007;573.75;1;10089549647;B
20240411;100007;573.75;20;10089549648;B
20240411;100007;573.8;4;10089549649;B
20240411;100007;573.8;1;10089549650;B
20240411;100007;573.8;10;10089549651;B
20240411;100007;573.8;1;10089549652;B
20240411;100007;573.8;121;10089549653;B
20240411;100008;573.85;4;10089549657;B
20240411;100008;573.85;9;10089549658;B
20240411;100008;573.25;2;10089549660;S
20240411;100008;573.25;2;10089549664;S
20240411;100008;573.85;1;10089549665;B
20240411;100008;573.85;382;10089549666;B
20240411;100008;573.85;21;10089549667;B
20240411;100008;573.9;4;10089549668;B
20240411;100008;573.9;1;10089549669;B
20240411;100008;573.9;32;10089549670;B
20240411;100008;573.25;2;10089549671;S
20240411;100008;573.85;1;10089549672;B
20240411;100008;573.85;1;10089549673;B
20240411;100008;573.35;2;10089549679;S
20240411;100008;573.85;2;10089549684;B
20240411;100008;573.35;2;10089549685;S
20240411;100008;573.85;614;10089549687;B
20240411;100008;573.85;2;10089549688;B
20240411;100008;573.9;79;10089549689;B
20240411;100008;573.35;1;10089549691;S
20240411;100008;573.85;1;10089549696;B
20240411;100008;573.85;1;10089549697;B
20240411;100008;573.35;2;10089549905;S
20240411;100008;573.35;1;10089549906;S
20240411;100008;573.7;1;10089549907;B
20240411;100008;573.7;1;10089549908;B
20240411;100008;573.7;1;10089549909;B
20240411;100008;573.7;1;10089549910;B
20240411;100008;573.35;1;10089549911;S
20240411;100008;573.35;2;10089549912;S
20240411;100008;573.35;4;10089549913;S
20240411;100008;573.7;1;10089549914;B
20240411;100008;573.35;1;10089549915;S
20240411;100008;573.7;2;10089549916;B
20240411;100008;573.35;2;10089549919;S
20240411;100008;573.35;2;10089549920;S
20240411;100008;573.55;1;10089550110;S
20240411;100009;573.65;2;10089550385;B
20240411;100009;573.65;2;10089550386;B
20240411;100009;573.65;1;10089550387;B
20240411;100009;573.65;1;10089550389;B
20240411;100009;573.55;2;10089550390;S
20240411;100009;573.55;2;10089550392;S
20240411;100009;573.65;1;10089550393;B
20240411;100009;573.65;2;10089550394;B
20240411;100009;573.55;2;10089550675;S
20240411;100009;573.55;2;10089550676;S
20240411;100009;573.65;1;10089550677;B
20240411;100009;573.65;1;10089550678;B
20240411;100009;573.65;1;10089550679;B
20240411;100009;573.65;1;10089550680;B
20240411;100009;573.55;2;10089550681;S
20240411;100009;573.65;1;10089550682;B
20240411;100009;573.55;2;10089550683;S
20240411;100009;573.65;1;10089550684;B
20240411;100009;573.65;2;10089550685;B
20240411;100009;573.55;1;10089550686;S
20240411;100009;573.65;4;10089550687;B
20240411;100009;573.65;1;10089550688;B
20240411;100009;573.65;1;10089550689;B
20240411;100009;573.65;7;10089550780;B
20240411;100009;573.7;3;10089550781;B
20240411;100009;573.7;10;10089550782;B
20240411;100009;573.8;10;10089550783;B
20240411;100010;573.6;1;10089550962;S
20240411;100010;573.6;1;10089550993;S
20240411;100010;573.6;1;10089551030;S
20240411;100010;573.6;19;10089551159;S
20240411;100010;573.6;53;10089551160;S
20240411;100010;573.55;10;10089551166;S
20240411;100010;573.55;2;10089551227;S
20240411;100010;573.55;2;10089551321;S
20240411;100011;573.55;17;10089551551;S
20240411;100011;573.55;2;10089551665;S
20240411;100011;573.55;23;10089551765;S
20240411;100011;573.55;100;10089551769;S
20240411;100011;573.7;2;10089551798;B
20240411;100011;573.7;18;10089551806;B
20240411;100011;573.75;6;10089551807;B
20240411;100011;573.8;10;10089551808;B
20240411;100011;573.8;22;10089551809;B
20240411;100011;573.9;20;10089551810;B
20240411;100011;573.95;4;10089551811;B
20240411;100011;573.95;1;10089551812;B
20240411;100011;573.95;56;10089551813;B
20240411;100011;573.6;1;10089551839;S
20240411;100011;573.95;16;10089551851;B
20240411;100011;573.6;1;10089551859;S
20240411;100011;573.95;10;10089551904;B
20240411;100012;573.6;1;10089551970;S
20240411;100012;573.6;2;10089552016;S
20240411;100012;573.6;16;10089552020;S
20240411;100012;573.6;34;10089552021;S
20240411;100012;573.55;236;10089552022;S
20240411;100012;573.55;23;10089552023;S
20240411;100012;573.4;41;10089552024;S
20240411;100012;573.9;17;10089552074;B
20240411;100012;573.9;1;10089552080;B
20240411;100014;573.9;7;10089552735;B
20240411;100015;573.6;21;10089553010;S
20240411;100015;573.6;13;10089553011;S
20240411;100015;573.55;34;10089553012;S
20240411;100015;573.55;150;10089553013;S
20240411;100016;573.6;1;10089553187;S
20240411;100017;573.9;6;10089553709;B
20240411;100017;573.9;1;10089553749;B
20240411;100017;573.9;2;10089553787;B
20240411;100017;573.95;14;10089553788;B
20240411;100017;573.95;4;10089553862;B
20240411;100017;573.95;6;10089553863;B
20240411;100018;573.6;6;10089553979;S
20240411;100018;573.7;2;10089554078;S
20240411;100019;573.9;10;10089554406;B
20240411;100021;573.9;8;10089554890;B
20240411;100022;573.8;7;10089555251;S
20240411;100023;573.85;10;10089555624;B
20240411;100023;573.85;1;10089555667;B
20240411;100023;573.85;19;10089555668;B
20240411;100024;573.85;41;10089555889;B
20240411;100025;573.8;6;10089556174;B
20240411;100026;573.75;1;10089556413;B
20240411;100026;573.75;2;10089556471;B
20240411;100026;573.75;45;10089556645;B
20240411;100027;573.75;100;10089556688;B
20240411;100027;573.75;1;10089556827;B
20240411;100027;573.65;175;10089556840;S
20240411;100027;573.6;1;10089556882;S
20240411;100027;573.5;2;10089556997;B
20240411;100029;573.5;2;10089557499;B
20240411;100029;573.5;22;10089557581;B
20240411;100029;573.5;23;10089557582;B
20240411;100029;573.5;5;10089557583;B
20240411;100030;573.4;9;10089557656;S
20240411;100030;573.4;458;10089557725;S
20240411;100030;573.35;42;10089557726;S
20240411;100034;573.35;23;10089559464;S
20240411;100034;573.35;112;10089559465;S
20240411;100034;573.3;139;10089559466;S
20240411;100034;573.3;80;10089559484;B
20240411;100034;573.3;5;10089559546;B
20240411;100034;573.3;34;10089559548;S
20240411;100035;573.25;4;10089560089;S
20240411;100036;573.3;392;10089560561;B
20240411;100039;573.25;1;10089561136;S
20240411;100039;573.3;3;10089561368;B
20240411;100039;573.4;1;10089561372;B
20240411;100042;573.25;3;10089562044;S
20240411;100042;573.25;2;10089562045;S
20240411;100042;573.4;4;10089562067;B
20240411;100044;573.25;6;10089562801;S
20240411;100044;573.4;1;10089562872;B
20240411;100045;573.35;3;10089563077;S
20240411;100046;573.35;7;10089563599;S
20240411;100046;573.3;36;10089563600;S
20240411;100046;573.3;28;10089563601;S
20240411;100047;573.4;14;10089563800;B
20240411;100048;573.5;1;10089563971;B
20240411;100048;573.5;27;10089563988;B
20240411;100048;573.5;67;10089563989;B
20240411;100048;573.55;1;10089564125;B
20240411;100049;573.5;110;10089564373;B
20240411;100050;573.5;1;10089564448;B
20240411;100052;573.35;17;10089565070;S
20240411;100053;573.5;2;10089565273;B
20240411;100058;573.5;1;10089566529;B
20240411;100059;573.5;5;10089566913;B
20240411;100102;573.45;5;10089567625;B
20240411;100102;573.35;9;10089567658;S
20240411;100103;573.35;9;10089567952;S
20240411;100104;573.45;10;10089568113;B
20240411;100104;573.35;8;10089568148;S
20240411;100109;573.45;3;10089569158;B
20240411;100109;573.4;1;10089569326;B
20240411;100109;573.4;1;10089569343;B
20240411;100110;573.4;1;10089569429;B
20240411;100111;573.4;50;10089569758;B
20240411;100112;573.35;9;10089570022;S
20240411;100112;573.4;50;10089570024;B
20240411;100112;573.35;17;10089570072;S
20240411;100112;573.35;98;10089570073;S
20240411;100112;573.4;1;10089570209;B
20240411;100113;573.4;150;10089570411;B
20240411;100115;573.4;1;10089570919;B
20240411;100116;573.45;1;10089571045;B
20240411;100116;573.45;1;10089571049;B
20240411;100116;573.45;5;10089571070;B
20240411;100116;573.4;100;10089571096;S
20240411;100118;573.45;1;10089571477;B
20240411;100118;573.4;75;10089571652;S
20240411;100119;573.45;16;10089571830;B
20240411;100119;573.45;34;10089571831;B
20240411;100119;573.45;50;10089571832;B
20240411;100119;573.4;4;10089571849;S
20240411;100120;573.45;1;10089571916;B
20240411;100121;573.4;2;10089572041;S
20240411;100121;573.35;1;10089572163;S
20240411;100122;573.35;2;10089572350;S
20240411;100122;573.45;1;10089572377;B
20240411;100123;573.35;3;10089572418;S
20240411;100123;573.35;200;10089572531;S
20240411;100124;573.45;1;10089572670;B
20240411;100124;573.35;6;10089572683;S
20240411;100125;573.45;200;10089572826;B
20240411;100125;573.35;200;10089572861;S
20240411;100125;573.35;89;10089572862;S
20240411;100125;573.35;5;10089572863;S
20240411;100125;573.3;34;10089572864;S
20240411;100125;573.3;44;10089572865;S
20240411;100125;573.3;11;10089572866;S
20240411;100125;573.3;17;10089572881;B
20240411;100125;573.4;39;10089572882;B
20240411;100125;573.4;14;10089572883;B
20240411;100125;573.4;1;10089572904;B
20240411;100126;573.4;1;10089572954;B
20240411;100126;573.4;1;10089572971;B
20240411;100126;573.4;1;10089572972;B
20240411;100126;573.45;73;10089572973;B
20240411;100127;573.45;118;10089573176;B
20240411;100127;573.45;662;10089573177;B
20240411;100128;573.45;1;10089573374;B
20240411;100131;573.3;1;10089573974;S
20240411;100132;573.45;350;10089574221;B
20240411;100134;573.45;1;10089574450;B
20240411;100134;573.5;1;10089574451;B
20240411;100134;573.4;154;10089574452;S
20240411;100135;573.35;10;10089574659;B
20240411;100137;573.3;1;10089575208;S
20240411;100138;573.35;1;10089575246;B
20240411;100138;573.35;1;10089575382;B
20240411;100139;573.35;15;10089575533;B
20240411;100140;573.35;1;10089575643;B
20240411;100140;573.35;1;10089575746;B
20240411;100141;573.35;5;10089575955;B
20240411;100142;573.35;3;10089576059;B
20240411;100142;573.35;1;10089576097;B
20240411;100143;573.35;62;10089576298;B
20240411;100143;573.4;238;10089576299;B
20240411;100143;573.4;1;10089576346;B
20240411;100143;573.4;12;10089576410;B
20240411;100143;573.4;12;10089576450;B
20240411;100144;573.35;1;10089576672;S
20240411;100144;573.35;1;10089576737;S
20240411;100144;573.4;5;10089576738;B
20240411;100144;573.35;1;10089576821;S
20240411;100145;573.4;1;10089576889;B
20240411;100145;573.4;77;10089576901;B
20240411;100145;573.4;12;10089576902;B
20240411;100145;573.4;392;10089576903;B
20240411;100145;573.5;19;10089576904;B
20240411;100145;573.4;100;10089576905;S
20240411;100145;573.4;54;10089576906;S
20240411;100145;573.4;43;10089576907;S
20240411;100145;573.4;34;10089576908;B
20240411;100145;573.4;10;10089577031;B
20240411;100146;573.35;4;10089577339;S
20240411;100146;573.4;2;10089577344;B
20240411;100148;573.35;3;10089577654;S
20240411;100149;573.35;4;10089577776;S
20240411;100149;573.35;2;10089577872;S
20240411;100149;573.35;9;10089577904;S
20240411;100151;573.35;2;10089578211;S
20240411;100151;573.4;31;10089578244;B
20240411;100151;573.4;10;10089578323;B
20240411;100152;573.35;3;10089578488;S
20240411;100154;573.4;1;10089578785;B
20240411;100155;573.4;2;10089578879;B
20240411;100155;573.35;8;10089578913;S
20240411;100155;573.35;16;10089578914;S
20240411;100155;573.35;295;10089578955;S
20240411;100157;573.4;213;10089579283;B
20240411;100158;573.5;3;10089579694;B
20240411;100158;573.4;50;10089579752;S
20240411;100159;573.4;3;10089579861;S
20240411;100202;573.5;10;10089580522;S
20240411;100202;573.6;2;10089580524;B
20240411;100203;573.6;1;10089580657;B
20240411;100203;573.6;1;10089580749;B
20240411;100204;573.6;1;10089580812;B
20240411;100204;573.55;175;10089580815;S
20240411;100204;573.5;25;10089580816;S
20240411;100204;573.45;5;10089580817;S
20240411;100204;573.45;295;10089580818;S
20240411;100204;573.6;2;10089580822;B
20240411;100204;573.6;1;10089580912;B
20240411;100205;573.6;1;10089580965;B
20240411;100206;573.5;43;10089581098;S
20240411;100206;573.5;100;10089581099;S
20240411;100206;573.5;154;10089581100;S
20240411;100206;573.45;175;10089581101;S
20240411;100206;573.45;328;10089581102;S
20240411;100207;573.5;1;10089581287;S
20240411;100207;573.6;1;10089581387;B
20240411;100208;573.6;2;10089581512;B
20240411;100208;573.6;2;10089581544;B
20240411;100209;573.55;1;10089581656;S
20240411;100210;573.6;87;10089581872;B
20240411;100210;573.6;3;10089581873;B
20240411;100212;573.6;28;10089582165;B
20240411;100212;573.6;2;10089582166;B
20240411;100212;573.6;20;10089582167;B
20240411;100212;573.6;80;10089582169;B
20240411;100212;573.7;1;10089582207;B
20240411;100212;573.8;43;10089582228;B
20240411;100213;573.8;4;10089582647;B
20240411;100215;573.8;96;10089583012;B
20240411;100215;573.8;50;10089583013;B
20240411;100215;573.8;139;10089583014;B
20240411;100215;573.85;500;10089583017;B
20240411;100215;573.8;3;10089583067;S
20240411;100215;573.85;5;10089583146;B
20240411;100216;573.85;100;10089583466;B
20240411;100217;573.8;5;10089583835;S
20240411;100218;573.85;136;10089584035;B
20240411;100218;573.85;1;10089584038;B
20240411;100218;573.85;258;10089584058;B
20240411;100218;573.9;1000;10089584059;B
20240411;100218;573.9;139;10089584060;B
20240411;100218;573.95;105;10089584061;B
20240411;100218;573.95;14;10089584062;B
20240411;100218;573.95;1;10089584063;B
20240411;100218;573.95;139;10089584064;B
20240411;100218;574;4;10089584065;B
20240411;100218;574;100;10089584066;B
20240411;100218;574;1;10089584067;B
20240411;100218;574;3;10089584068;B
20240411;100218;574;1;10089584069;B
20240411;100218;574;100;10089584070;B
20240411;100218;574;5;10089584071;B
20240411;100218;574;1;10089584072;B
20240411;100218;574;250;10089584073;B
20240411;100218;574;1;10089584074;B
20240411;100218;574;100;10089584075;B
20240411;100218;574;5;10089584076;B
20240411;100218;574;1;10089584077;B
20240411;100218;574;72;10089584078;B
20240411;100218;574;2;10089584079;B
20240411;100218;574;1;10089584080;B
20240411;100218;574;10;10089584081;B
20240411;100218;574;499;10089584082;B
20240411;100218;574;301;10089584083;B
20240411;100218;574;18;10089584084;B
20240411;100218;574;4;10089584085;B
20240411;100218;574;139;10089584086;B
20240411;100218;574.05;4;10089584089;B
20240411;100218;574.05;9;10089584090;B
20240411;100218;574.1;3;10089584092;B
20240411;100218;574.1;500;10089584093;B
20240411;100218;574.1;1;10089584094;B
20240411;100218;574.1;1;10089584095;B
20240411;100218;574.1;106;10089584096;B
20240411;100218;574.1;286;10089584097;B
20240411;100218;574.15;3;10089584098;B
20240411;100218;574.2;6;10089584124;B
20240411;100218;574.2;3;10089584125;B
20240411;100218;574.2;6;10089584126;B
20240411;100218;574.2;1;10089584127;B
20240411;100218;574.2;10;10089584128;B
20240411;100218;574.2;1;10089584129;B
20240411;100218;574.2;1;10089584130;B
20240411;100218;574.2;7;10089584131;B
20240411;100218;574.2;139;10089584132;B
20240411;100218;574.2;139;10089584133;S
20240411;100218;574.25;1;10089584143;B
20240411;100218;574.2;154;10089584171;S
20240411;100218;574.2;46;10089584172;S
20240411;100218;574.25;2;10089584173;B
20240411;100218;574.25;1;10089584174;B
20240411;100218;574.25;26;10089584175;B
20240411;100218;574.2;54;10089584177;S
20240411;100219;574.15;10;10089584246;S
20240411;100219;574.15;1;10089584248;S
20240411;100219;574.2;14;10089584302;B
20240411;100219;574.2;23;10089584303;B
20240411;100219;574.2;165;10089584304;B
20240411;100219;574.3;3;10089584311;B
20240411;100219;574.3;3;10089584312;B
20240411;100219;574.3;100;10089584313;B
20240411;100219;574.3;114;10089584314;B
20240411;100219;574.3;136;10089584315;B
20240411;100219;574.3;262;10089584316;B
20240411;100219;574.3;100;10089584317;S
20240411;100219;574.3;22;10089584320;S
20240411;100219;574.3;1;10089584353;S
20240411;100219;574.3;10;10089584361;S
20240411;100219;574.3;121;10089584365;S
20240411;100219;574.3;82;10089584366;S
20240411;100220;574.35;3;10089584441;B
20240411;100220;574.35;97;10089584442;B
20240411;100220;574.35;53;10089584536;B
20240411;100220;574.4;3;10089584537;B
20240411;100220;574.4;44;10089584538;B
20240411;100220;574.4;17;10089584540;B
20240411;100220;574.35;5;10089584651;B
20240411;100221;574.35;14;10089584825;B
20240411;100221;574.35;20;10089584954;B
20240411;100222;574.35;10;10089584972;B
20240411;100222;574.3;154;10089585109;S
20240411;100222;574.3;100;10089585110;S
20240411;100222;574.3;64;10089585111;S
20240411;100222;574.25;682;10089585112;S
20240411;100222;574.35;126;10089585152;B
20240411;100222;574.35;61;10089585153;B
20240411;100223;574.35;10;10089585262;B
20240411;100224;574.3;9;10089585362;S
20240411;100226;574.35;17;10089585914;B
20240411;100226;574.35;2;10089585957;B
20240411;100227;574.35;5;10089586014;S
20240411;100227;574.35;39;10089586094;B
20240411;100227;574.35;1;10089586109;B
20240411;100228;574.35;8;10089586269;B
20240411;100228;574.3;2;10089586271;S
20240411;100229;574.3;4;10089586361;S
20240411;100229;574.3;3;10089586362;S
20240411;100229;574.25;42;10089586363;S
20240411;100229;574.3;1;10089586386;S
20240411;100229;574.35;40;10089586565;B
20240411;100229;574.35;7;10089586616;B
20240411;100229;574.35;47;10089586617;B
20240411;100229;574.4;1;10089586618;B
20240411;100229;574.4;45;10089586619;B
20240411;100230;574.3;156;10089586874;S
20240411;100230;574.25;94;10089586875;S
20240411;100230;574.25;2;10089586876;S
20240411;100230;574.35;175;10089586881;B
20240411;100230;574.35;32;10089586882;B
20240411;100230;574.3;1;10089586913;S
20240411;100231;574.4;1;10089586973;B
20240411;100232;574.4;54;10089587478;B
20240411;100232;574.4;175;10089587479;B
20240411;100232;574.4;154;10089587480;B
20240411;100232;574.45;3;10089587481;B
20240411;100232;574.45;1;10089587482;B
20240411;100232;574.45;50;10089587483;B
20240411;100232;574.45;384;10089587484;B
20240411;100232;574.45;171;10089587485;B
20240411;100233;574.35;46;10089587649;S
20240411;100233;574.3;11;10089587650;S
20240411;100234;574.5;1;10089587788;B
20240411;100234;574.5;2;10089587855;B
20240411;100234;574.5;1;10089587860;B
20240411;100234;574.5;43;10089587861;B
20240411;100234;574.5;26;10089587862;B
20240411;100234;574.5;13;10089587926;B
20240411;100234;574.5;1;10089587970;B
20240411;100235;574.4;1;10089588021;S
20240411;100235;574.5;8;10089588166;B
20240411;100235;574.5;100;10089588260;B
20240411;100236;574.45;175;10089588335;S
20240411;100236;574.45;25;10089588336;S
20240411;100236;574.45;175;10089588446;S
20240411;100236;574.4;25;10089588447;S
20240411;100237;574.45;175;10089588547;S
20240411;100237;574.4;179;10089588548;S
20240411;100237;574.4;1;10089588573;S
20240411;100237;574.5;2;10089588822;B
20240411;100238;574.5;8;10089588893;B
20240411;100239;574.45;3;10089589177;S
20240411;100239;574.45;1;10089589192;S
20240411;100240;574.45;100;10089589443;S
20240411;100240;574.45;3;10089589498;S
20240411;100241;574.5;200;10089589604;B
20240411;100241;574.5;41;10089589701;B
20240411;100242;574.5;60;10089589891;B
20240411;100242;574.5;34;10089589930;B
20240411;100242;574.5;1;10089589931;B
20240411;100242;574.5;224;10089589932;B
20240411;100242;574.5;228;10089589933;B
20240411;100242;574.5;548;10089589934;B
20240411;100242;574.5;1;10089589935;B
20240411;100242;574.5;288;10089589936;B
20240411;100242;574.5;100;10089589937;B
20240411;100242;574.5;1;10089589938;B
20240411;100242;574.5;2;10089589939;B
20240411;100242;574.5;1;10089589940;B
20240411;100242;574.55;3;10089589958;B
20240411;100242;574.55;2;10089589959;B
20240411;100242;574.55;2;10089589960;B
20240411;100242;574.55;2;10089589961;B
20240411;100242;574.55;2;10089589962;B
20240411;100242;574.55;2;10089589963;B
20240411;100242;574.55;20;10089589964;B
20240411;100243;574.6;3;10089589971;B
20240411;100243;574.6;2;10089589972;B
20240411;100243;574.6;95;10089589973;B
20240411;100243;574.6;5;10089589982;B
20240411;100243;574.65;3;10089590015;B
20240411;100243;574.7;3;10089590016;B
20240411;100243;574.7;40;10089590017;B
20240411;100243;574.75;3;10089590041;B
20240411;100243;574.75;1;10089590042;B
20240411;100243;574.75;1;10089590043;B
20240411;100243;574.8;3;10089590044;B
20240411;100243;574.8;5;10089590045;B
20240411;100243;574.85;3;10089590046;B
20240411;100243;574.85;10;10089590047;B
20240411;100243;574.85;4;10089590048;B
20240411;100243;574.75;52;10089590050;S
20240411;100243;574.65;7;10089590079;S
20240411;100243;574.75;60;10089590097;B
20240411;100243;574.75;40;10089590104;B
20240411;100243;574.75;1;10089590117;B
20240411;100243;574.85;36;10089590133;B
20240411;100243;574.85;9;10089590134;B
20240411;100243;574.9;3;10089590135;B
20240411;100243;574.9;5;10089590136;B
20240411;100243;574.9;95;10089590137;B
20240411;100243;574.75;154;10089590159;S
20240411;100243;574.7;34;10089590160;S
20240411;100243;574.7;384;10089590161;S
20240411;100243;574.7;175;10089590162;S
20240411;100243;574.65;45;10089590163;S
20240411;100243;574.65;1000;10089590164;S
20240411;100243;574.5;339;10089590165;S
20240411;100243;574.45;500;10089590166;S
20240411;100243;574.4;295;10089590167;S
20240411;100243;574.4;391;10089590168;S
20240411;100243;574.4;139;10089590169;S
20240411;100243;574.4;29;10089590170;B
20240411;100243;574.4;34;10089590171;B
20240411;100243;574.4;1481;10089590172;B
20240411;100243;574.4;52;10089590173;B
20240411;100243;574.25;154;10089590174;S
20240411;100243;574.25;24;10089590175;B
20240411;100243;574.25;22;10089590176;B
20240411;100243;574.25;100;10089590177;B
20240411;100243;574.25;46;10089590178;B
20240411;100243;574.25;146;10089590179;B
20240411;100243;574.25;8;10089590180;B
20240411;100243;574.3;34;10089590181;S
20240411;100243;574.2;154;10089590182;B
20240411;100243;574.2;8;10089590183;B
20240411;100243;574.2;8;10089590184;B
20240411;100243;574.2;296;10089590185;B
20240411;100243;574.15;10;10089590186;S
20240411;100243;574.15;121;10089590187;S
20240411;100243;574.15;69;10089590188;S
20240411;100243;574.2;60;10089590190;B
20240411;100243;574.2;50;10089590200;B
20240411;100243;574.2;190;10089590201;B
20240411;100243;574.35;2;10089590212;B
20240411;100244;574.55;34;10089590228;B
20240411;100244;574.6;16;10089590229;B
20240411;100244;574.6;1;10089590324;B
20240411;100244;574.6;3;10089590363;B
20240411;100244;574.65;32;10089590364;B
20240411;100244;574.7;15;10089590365;B
20240411;100244;574.75;1;10089590439;B
20240411;100245;574.55;1;10089590445;S
20240411;100245;574.65;1;10089590447;S
20240411;100245;574.6;40;10089590466;S
20240411;100245;574.6;100;10089590505;S
20240411;100245;574.6;100;10089590549;S
20240411;100246;574.7;1;10089590654;B
20240411;100247;574.6;44;10089590827;S
20240411;100248;574.65;4;10089591011;S
20240411;100248;574.75;1;10089591106;B
20240411;100248;574.7;35;10089591107;S
20240411;100250;574.75;98;10089591343;B
20240411;100250;574.75;1;10089591344;B
20240411;100250;574.75;175;10089591345;B
20240411;100250;574.8;139;10089591346;B
20240411;100250;574.8;160;10089591347;B
20240411;100250;574.8;1;10089591348;B
20240411;100250;574.8;49;10089591349;B
20240411;100250;574.8;200;10089591350;S
20240411;100250;574.8;500;10089591351;S
20240411;100250;574.8;200;10089591352;S
20240411;100250;574.8;300;10089591353;S
20240411;100251;574.85;60;10089591572;B
20240411;100251;574.85;2;10089591578;B
20240411;100251;574.8;1;10089591680;S
20240411;100251;574.8;100;10089591704;S
20240411;100251;574.85;1;10089591706;B
20240411;100252;574.85;64;10089591838;S
20240411;100252;574.85;36;10089591839;S
20240411;100252;574.9;12;10089591887;B
20240411;100253;574.8;9;10089591994;S
20240411;100253;574.8;1;10089592068;S
20240411;100253;574.9;1;10089592177;B
20240411;100253;574.85;5;10089592308;S
20240411;100254;574.9;1;10089592397;B
20240411;100255;574.85;6;10089592799;S
20240411;100255;574.9;2;10089592891;B
20240411;100256;574.9;1;10089593014;B
20240411;100257;574.85;9;10089593051;S
20240411;100257;574.85;14;10089593052;S
20240411;100257;574.9;88;10089593114;B
20240411;100257;574.9;60;10089593115;B
20240411;100257;574.9;72;10089593116;B
20240411;100257;574.85;1;10089593135;S
20240411;100257;574.9;180;10089593171;B
20240411;100258;574.9;2;10089593287;B
20240411;100258;574.85;1;10089593300;S
20240411;100258;574.9;1;10089593313;B
20240411;100300;574.9;1;10089593813;B
20240411;100300;574.85;10;10089593878;S
20240411;100300;574.85;2;10089593928;S
20240411;100301;574.85;14;10089593979;S
20240411;100301;574.85;20;10089593980;S
20240411;100301;574.85;466;10089593981;S
20240411;100301;574.85;1;10089594147;S
20240411;100302;574.9;90;10089594177;B
20240411;100303;574.9;245;10089594441;B
20240411;100303;574.9;109;10089594442;B
20240411;100303;574.9;5;10089594443;B
20240411;100303;574.9;10;10089594444;B
20240411;100303;574.9;19;10089594445;B
20240411;100303;574.9;37;10089594446;B
20240411;100303;574.9;33;10089594447;B
20240411;100303;574.9;1;10089594453;B
20240411;100303;574.9;1;10089594454;B
20240411;100303;574.9;965;10089594472;B
20240411;100303;574.9;50;10089594473;B
20240411;100303;574.9;690;10089594474;B
20240411;100303;574.9;3;10089594489;B
20240411;100303;574.9;3;10089594490;B
20240411;100303;574.9;13;10089594491;B
20240411;100303;574.9;1;10089594492;B
20240411;100303;574.9;1;10089594493;B
20240411;100303;574.9;1;10089594494;B
20240411;100303;574.9;1;10089594495;B
20240411;100303;574.9;87;10089594517;B
20240411;100303;574.95;3;10089594518;B
20240411;100303;574.95;2;10089594519;B
20240411;100303;574.95;2;10089594520;B
20240411;100303;574.95;6;10089594521;B
20240411;100303;574.9;100;10089594523;S
20240411;100303;574.95;2;10089594534;B
20240411;100303;574.9;2;10089594568;S
20240411;100303;574.95;3;10089594569;B
20240411;100303;574.95;2;10089594570;B
20240411;100303;574.95;1;10089594571;B
20240411;100303;574.95;9;10089594572;B
20240411;100303;574.95;1;10089594573;B
20240411;100303;574.95;2;10089594574;B
20240411;100303;574.95;1;10089594582;B
20240411;100303;574.95;1;10089594583;B
20240411;100303;574.95;2;10089594584;B
20240411;100303;574.9;1;10089594601;S
20240411;100303;574.95;3;10089594602;B
20240411;100303;574.95;2;10089594603;B
20240411;100303;574.95;11;10089594604;B
20240411;100303;574.95;1;10089594605;B
20240411;100303;574.95;1;10089594606;B
20240411;100303;574.95;1;10089594607;B
20240411;100303;574.95;20;10089594630;S
20240411;100303;575;1;10089594660;B
20240411;100303;575;1;10089594662;B
20240411;100303;575;6;10089594671;B
20240411;100303;575;3;10089594672;B
20240411;100303;575;2;10089594675;B
20240411;100303;574.95;1;10089594691;S
20240411;100303;575;7;10089594692;B
20240411;100303;575;1;10089594696;B
20240411;100303;575;1;10089594697;B
20240411;100303;575;1;10089594698;B
20240411;100303;575;1;10089594699;B
20240411;100303;575;1;10089594700;B
20240411;100303;574.95;10;10089594705;S
20240411;100303;575;150;10089594706;B
20240411;100303;575;1;10089594722;B
20240411;100303;575;1;10089594723;B
20240411;100303;575;4;10089594724;B
20240411;100304;575;4;10089594746;B
20240411;100304;575;4;10089594747;B
20240411;100304;575;13;10089594748;B
20240411;100304;575;1;10089594750;B
20240411;100304;575;2;10089594751;B
20240411;100304;575;1;10089594752;B
20240411;100304;575;1;10089594753;B
20240411;100304;575;4;10089594754;B
20240411;100304;575;3;10089594768;B
20240411;100304;575;1;10089594776;B
20240411;100304;575;7;10089594789;B
20240411;100304;575;6;10089594790;B
20240411;100304;575;26;10089594791;B
20240411;100304;575;2;10089594801;B
20240411;100304;575;2;10089594802;B
20240411;100304;575;8;10089594803;B
20240411;100304;575;70;10089594882;B
20240411;100304;574.9;1;10089594884;S
20240411;100304;574.95;1;10089594889;B
20240411;100304;575;26;10089594890;B
20240411;100304;574.9;1;10089594913;S
20240411;100304;575;20;10089594958;B
20240411;100304;575;150;10089594960;B
20240411;100304;575;168;10089595029;B
20240411;100305;575;8;10089595033;B
20240411;100305;575;30;10089595150;B
20240411;100306;575;13;10089595475;B
20240411;100306;574.9;29;10089595525;S
20240411;100308;575;100;10089596004;B
20240411;100308;575;1;10089596021;B
20240411;100308;575;82;10089596022;B
20240411;100308;575;73;10089596023;B
20240411;100308;575;270;10089596024;B
20240411;100308;575;339;10089596025;B
20240411;100308;575;4;10089596048;B
20240411;100308;575;3;10089596049;B
20240411;100308;575;11;10089596050;B
20240411;100308;575;1;10089596060;B
20240411;100309;575;2;10089596069;B
20240411;100309;575;4;10089596127;B
20240411;100309;575;3;10089596128;B
20240411;100309;575;10;10089596129;B
20240411;100309;575;1;10089596151;B
20240411;100309;575;1;10089596152;B
20240411;100309;575;5;10089596153;B
20240411;100309;575;4;10089596255;B
20240411;100309;575;3;10089596256;B
20240411;100309;575;13;10089596257;B
20240411;100310;575;14;10089596422;B
20240411;100310;575;15;10089596423;B
20240411;100310;575;59;10089596424;B
20240411;100310;575;5;10089596431;B
20240411;100310;575;3;10089596432;B
20240411;100310;575;13;10089596433;B
20240411;100310;575;4;10089596490;B
20240411;100310;575;5;10089596491;B
20240411;100310;575;5;10089596492;B
20240411;100310;575;17;10089596493;B
20240411;100310;575;2;10089596502;B
20240411;100310;574.95;1;10089596503;S
20240411;100310;575;1;10089596522;B
20240411;100311;575;13;10089596576;B
20240411;100311;575;3;10089596577;B
20240411;100311;575;3;10089596578;B
20240411;100311;575;1;10089596579;B
20240411;100311;575;1;10089596580;B
20240411;100311;575;1;10089596581;B
20240411;100311;575;3;10089596582;B
20240411;100311;575;14;10089596583;B
20240411;100311;575;27;10089596584;B
20240411;100311;575;53;10089596592;B
20240411;100311;575;1;10089596593;B
20240411;100311;575;20;10089596594;B
20240411;100311;575;2;10089596595;B
20240411;100311;575;1;10089596596;B
20240411;100311;575;7;10089596597;B
20240411;100311;575;100;10089596598;B
20240411;100311;575;200;10089596599;B
20240411;100311;575;3;10089596600;B
20240411;100311;575;27;10089596601;B
20240411;100311;575;5;10089596602;B
20240411;100311;575;56;10089596603;B
20240411;100311;575;50;10089596604;B
20240411;100311;575;174;10089596605;B
20240411;100311;575;40;10089596606;B
20240411;100311;575;4;10089596607;B
20240411;100311;575;20;10089596608;B
20240411;100311;575;2;10089596609;B
20240411;100311;575;1;10089596610;B
20240411;100311;575;5;10089596611;B
20240411;100311;575;1;10089596612;B
20240411;100311;575;2;10089596613;B
20240411;100311;575;1;10089596614;B
20240411;100311;575;1;10089596615;B
20240411;100311;575;50;10089596616;B
20240411;100311;575;18;10089596617;B
20240411;100311;575;18;10089596618;B
20240411;100311;575;100;10089596619;B
20240411;100311;575;65;10089596620;B
20240411;100311;575;20;10089596621;B
20240411;100311;575;30;10089596622;B
20240411;100311;575;3;10089596623;B
20240411;100311;575;1;10089596624;B
20240411;100311;575;2;10089596625;B
20240411;100311;575;5;10089596626;B
20240411;100311;575;11;10089596627;B
20240411;100311;575;30;10089596628;B
20240411;100311;575;5;10089596629;B
20240411;100311;575;10;10089596630;B
20240411;100311;575;356;10089596631;B
20240411;100311;575;46;10089596713;B
20240411;100311;575;5;10089596714;B
20240411;100311;575;3;10089596715;B
20240411;100311;575;21;10089596716;B
20240411;100311;575;1;10089596717;B
20240411;100311;575;1;10089596718;B
20240411;100311;575;1;10089596726;B
20240411;100311;575;2;10089596734;B
20240411;100311;575;2;10089596740;B
20240411;100312;575;2;10089596857;B
20240411;100312;575;3;10089596858;B
20240411;100312;575;14;10089596859;B
20240411;100312;575;1;10089596907;B
20240411;100312;575;2;10089596908;B
20240411;100312;575;5;10089596909;B
20240411;100312;574.95;2;10089596931;S
20240411;100312;575;1;10089596955;B
20240411;100312;575;2;10089596956;B
20240411;100312;575;2;10089596970;B
20240411;100312;574.95;10;10089596978;S
20240411;100312;574.95;1;10089596990;S
20240411;100312;575;1;10089596991;B
20240411;100312;575;1;10089596992;B
20240411;100313;575;2;10089597037;B
20240411;100313;575;2;10089597038;B
20240411;100313;575;12;10089597039;B
20240411;100313;575;1;10089597080;B
20240411;100313;575;2;10089597081;B
20240411;100313;575;2;10089597146;B
20240411;100313;575;3;10089597147;B
20240411;100313;575;12;10089597148;B
20240411;100313;575;10;10089597151;B
20240411;100313;575;1;10089597152;B
20240411;100313;575;10;10089597171;B
20240411;100313;575;1;10089597172;B
20240411;100314;575;4;10089597248;B
20240411;100314;575;10;10089597254;B
20240411;100314;575;14;10089597255;B
20240411;100314;575;4;10089597269;B
20240411;100314;575;7;10089597311;B
20240411;100314;575;6;10089597312;B
20240411;100314;575;9;10089597313;B
20240411;100314;574.95;5;10089597315;S
20240411;100314;575;1;10089597316;B
20240411;100314;575;2;10089597317;B
20240411;100314;575;2;10089597365;B
20240411;100314;575;2;10089597366;B
20240411;100314;575;9;10089597367;B
20240411;100314;575;3;10089597429;B
20240411;100314;575;3;10089597430;B
20240411;100314;575;11;10089597431;B
20240411;100314;575;1;10089597432;B
20240411;100314;575;1;10089597433;B
20240411;100314;575;2;10089597447;B
20240411;100314;575;4;10089597502;B
20240411;100314;575;4;10089597503;B
20240411;100314;575;15;10089597504;B
20240411;100314;575;1;10089597506;B
20240411;100315;575;2;10089597540;B
20240411;100315;575;2;10089597541;B
20240411;100315;575;6;10089597542;B
20240411;100315;575;1;10089597552;B
20240411;100315;575;3;10089597561;B
20240411;100315;575;1;10089597562;B
20240411;100315;575;1;10089597563;B
20240411;100315;575;2;10089597587;B
20240411;100315;575;2;10089597589;B
20240411;100315;575;4;10089597590;B
20240411;100315;575;4;10089597617;B
20240411;100315;575;4;10089597618;B
20240411;100315;575;12;10089597619;B
20240411;100315;575;1;10089597630;B
20240411;100315;575;2;10089597631;B
20240411;100315;575;31;10089597684;B
20240411;100315;575;35;10089597717;B
20240411;100315;575;1;10089597718;B
20240411;100315;575;1;10089597719;B
20240411;100315;575;7;10089597720;B
20240411;100315;575;1;10089597796;B
20240411;100315;575;1;10089597797;B
20240411;100315;575;1;10089597798;B
20240411;100315;575;2;10089597799;B
20240411;100316;575;1;10089597912;B
20240411;100316;575;1;10089597913;B
20240411;100316;575;10;10089597914;B
20240411;100316;575;1;10089598015;B
20240411;100316;575;3;10089598016;B
20240411;100316;575;12;10089598017;B
20240411;100316;575;1;10089598057;B
20240411;100316;575;3;10089598058;B
20240411;100316;575;13;10089598059;B
20240411;100316;575;2;10089598096;B
20240411;100317;575;3;10089598163;B
20240411;100317;575;13;10089598164;B
20240411;100317;574.95;1;10089598364;S
20240411;100317;575;10;10089598365;B
20240411;100317;575;43;10089598366;B
20240411;100317;575;1;10089598381;B
20240411;100317;575;2;10089598382;B
20240411;100317;575;1;10089598385;B
20240411;100317;575;1;10089598387;B
20240411;100317;575;1;10089598388;B
20240411;100317;575;4;10089598400;B
20240411;100317;575;2;10089598411;B
20240411;100317;575;1;10089598412;B
20240411;100317;575;1;10089598416;B
20240411;100317;575;3;10089598417;B
20240411;100318;575;1;10089598435;B
20240411;100318;575;2;10089598436;B
20240411;100318;575;92;10089598459;B
20240411;100318;575;1;10089598460;B
20240411;100318;575;1;10089598461;B
20240411;100318;575;10;10089598462;B
20240411;100318;575;300;10089598463;B
20240411;100318;575;10;10089598464;B
20240411;100318;575;50;10089598465;B
20240411;100318;575;1;10089598466;B
20240411;100318;575;1;10089598467;B
20240411;100318;575;15;10089598468;B
20240411;100318;575;6;10089598469;B
20240411;100318;575;1;10089598470;B
20240411;100318;575;20;10089598471;B
20240411;100318;575;1;10089598472;B
20240411;100318;575;1;10089598473;B
20240411;100318;575;40;10089598474;B
20240411;100318;575;7;10089598475;B
20240411;100318;575;5;10089598476;B
20240411;100318;575;5;10089598477;B
20240411;100318;575;20;10089598478;B
20240411;100318;575;3;10089598479;B
20240411;100318;575;3;10089598480;B
20240411;100318;575;8;10089598481;B
20240411;100318;575;1;10089598482;B
20240411;100318;575;2;10089598483;B
20240411;100318;575;2;10089598484;B
20240411;100318;575;44;10089598485;B
20240411;100318;575;2;10089598486;B
20240411;100318;575;2;10089598487;B
20240411;100318;575;110;10089598488;B
20240411;100318;575;10;10089598518;S
20240411;100318;575.05;1;10089598606;B
20240411;100318;575.05;1;10089598607;B
20240411;100318;575.05;8;10089598608;B
20240411;100318;575.05;1;10089598657;B
20240411;100318;575.05;3;10089598679;B
20240411;100318;575.05;2;10089598680;B
20240411;100318;575.05;1;10089598681;B
20240411;100318;575.05;4;10089598682;B
20240411;100318;575.05;2;10089598717;B
20240411;100318;575.05;4;10089598718;B
20240411;100319;575.1;2;10089598871;B
20240411;100319;575.1;1;10089598872;B
20240411;100319;575.15;1;10089598912;B
20240411;100319;575.15;1;10089598942;B
20240411;100319;575.15;1;10089598943;B
20240411;100319;575.1;5;10089598947;S
20240411;100319;575.15;2;10089598948;B
20240411;100319;575.1;2;10089598956;S
20240411;100319;575.15;2;10089598957;B
20240411;100319;575.15;1;10089598958;B
20240411;100319;575.15;6;10089598959;B
20240411;100319;575.1;3;10089598983;S
20240411;100319;575.15;2;10089598984;B
20240411;100319;575.15;1;10089599015;B
20240411;100319;575.15;1;10089599016;B
20240411;100319;575.15;6;10089599017;B
20240411;100320;575.15;1;10089599140;B
20240411;100320;575.15;1;10089599141;B
20240411;100320;575.15;1;10089599158;B
20240411;100320;575.15;1;10089599159;B
20240411;100320;575.15;1;10089599160;B
20240411;100320;575.15;1;10089599193;B
20240411;100320;575.15;5;10089599194;B
20240411;100320;575.15;1;10089599198;B
20240411;100320;575.1;1;10089599203;S
20240411;100320;575.1;164;10089599219;S
20240411;100320;575.1;154;10089599220;S
20240411;100320;575.1;182;10089599221;S
20240411;100321;575.15;6;10089599298;B
20240411;100321;575.15;3;10089599299;B
20240411;100321;575.2;1;10089599483;B
20240411;100321;575.2;1;10089599484;B
20240411;100321;575.2;7;10089599485;B
20240411;100321;575.2;1;10089599510;B
20240411;100321;575.2;4;10089599541;B
20240411;100321;575.2;8;10089599542;B
20240411;100321;575.2;1;10089599543;B
20240411;100321;575.25;2;10089599675;B
20240411;100321;575.25;10;10089599676;B
20240411;100321;575.3;2;10089599692;B
20240411;100321;575.3;1;10089599693;B
20240411;100321;575.35;2;10089599701;B
20240411;100321;575.35;5;10089599702;B
20240411;100321;575.4;2;10089599703;B
20240411;100321;575.4;5;10089599704;B
20240411;100321;575.35;100;10089599705;S
20240411;100322;575.35;1;10089599791;S
20240411;100322;575.3;13;10089599883;S
20240411;100322;575.3;1;10089599884;S
20240411;100323;575.35;17;10089600203;B
20240411;100323;575.4;42;10089600204;B
20240411;100323;575.4;1;10089600205;B
20240411;100323;575.4;1;10089600206;B
20240411;100323;575.4;35;10089600207;B
20240411;100323;575.4;57;10089600208;B
20240411;100323;575.45;2;10089600209;B
20240411;100323;575.45;2;10089600210;B
20240411;100323;575.45;1;10089600211;B
20240411;100323;575.45;92;10089600212;B
20240411;100323;575.45;1;10089600297;B
20240411;100324;575.4;47;10089600449;B
20240411;100324;575.45;127;10089600450;B
20240411;100324;575.4;1;10089600646;S
20240411;100325;575.4;12;10089600923;S
20240411;100326;575.45;1;10089601006;B
20240411;100326;575.45;2;10089601018;B
20240411;100326;575.4;162;10089601026;S
20240411;100326;575.4;154;10089601027;S
20240411;100326;575.35;363;10089601028;S
20240411;100326;575.3;34;10089601029;S
20240411;100326;575.3;391;10089601030;S
20240411;100326;575.25;1;10089601031;S
20240411;100326;575.2;384;10089601032;S
20240411;100326;575.15;491;10089601033;S
20240411;100326;575.15;20;10089601034;S
20240411;100328;575.4;10;10089601489;B
20240411;100328;575.4;4;10089601569;S
20240411;100328;575.45;1;10089601686;B
20240411;100330;575.45;2;10089601928;B
20240411;100330;575.45;20;10089601965;B
20240411;100330;575.45;1;10089602051;B
20240411;100330;575.45;53;10089602114;B
20240411;100330;575.45;1;10089602115;B
20240411;100330;575.45;16;10089602116;B
20240411;100331;575.4;100;10089602141;S
20240411;100331;575.5;2;10089602157;B
20240411;100331;575.5;7;10089602158;B
20240411;100331;575.5;1;10089602161;B
20240411;100331;575.45;175;10089602341;B
20240411;100331;575.5;10;10089602342;B
20240411;100331;575.5;4;10089602343;B
20240411;100331;575.5;1;10089602344;B
20240411;100331;575.5;5;10089602345;B
20240411;100331;575.5;2;10089602346;B
20240411;100331;575.5;1;10089602347;B
20240411;100331;575.5;3;10089602348;B
20240411;100331;575.5;50;10089602349;B
20240411;100331;575.5;199;10089602350;B
20240411;100331;575.5;7;10089602355;B
20240411;100332;575.5;294;10089602466;B
20240411;100332;575.5;6;10089602467;B
20240411;100332;575.5;57;10089602468;B
20240411;100332;575.5;354;10089602469;B
20240411;100332;575.55;2;10089602470;B
20240411;100332;575.55;1;10089602471;B
20240411;100332;575.55;8;10089602472;B
20240411;100332;575.55;175;10089602473;B
20240411;100332;575.55;154;10089602474;B
20240411;100332;575.6;2;10089602475;B
20240411;100332;575.6;1;10089602476;B
20240411;100332;575.6;2;10089602477;B
20240411;100332;575.6;1;10089602478;B
20240411;100332;575.6;100;10089602479;B
20240411;100332;575.6;300;10089602480;B
20240411;100332;575.6;391;10089602481;B
20240411;100332;575.65;2;10089602482;B
20240411;100332;575.65;50;10089602483;B
20240411;100332;575.65;9;10089602484;B
20240411;100332;575.65;1;10089602485;B
20240411;100332;575.65;25;10089602486;B
20240411;100332;575.65;193;10089602487;B
20240411;100332;575.65;384;10089602488;B
20240411;100332;575.7;2;10089602489;B
20240411;100332;575.7;2000;10089602490;B
20240411;100332;575.7;2000;10089602491;B
20240411;100332;575.7;5;10089602492;B
20240411;100332;575.7;1429;10089602493;B
20240411;100332;575.7;1;10089602494;B
20240411;100332;575.7;1;10089602495;B
20240411;100332;575.7;175;10089602496;B
20240411;100332;575.75;2;10089602497;B
20240411;100332;575.75;4;10089602498;B
20240411;100332;575.75;1;10089602499;B
20240411;100332;575.75;139;10089602500;B
20240411;100332;575.75;5;10089602501;B
20240411;100332;575.8;2;10089602502;B
20240411;100332;575.8;1;10089602503;B
20240411;100332;575.8;1;10089602504;B
20240411;100332;575.8;1;10089602505;B
20240411;100332;575.8;100;10089602506;B
20240411;100332;575.8;139;10089602507;B
20240411;100332;575.85;2;10089602508;B
20240411;100332;575.85;5;10089602509;B
20240411;100332;575.85;1;10089602510;B
20240411;100332;575.85;1;10089602511;B
20240411;100332;575.85;500;10089602512;B
20240411;100332;575.85;139;10089602513;B
20240411;100332;575.9;2;10089602514;B
20240411;100332;575.9;100;10089602515;B
20240411;100332;575.9;1;10089602516;B
20240411;100332;575.9;1;10089602517;B
20240411;100332;575.9;1;10089602518;B
20240411;100332;575.9;36;10089602519;B
20240411;100332;575.9;10;10089602520;B
20240411;100332;575.95;2;10089602521;B
20240411;100332;575.95;2;10089602522;B
20240411;100332;575.95;10;10089602523;B
20240411;100332;575.95;1;10089602524;B
20240411;100332;575.95;300;10089602525;B
20240411;100332;575.95;3;10089602526;B
20240411;100332;575.95;1000;10089602527;B
20240411;100332;575.95;100;10089602528;B
20240411;100332;575.95;671;10089602529;B
20240411;100332;575.95;1000;10089602530;B
20240411;100332;576;2;10089602531;B
20240411;100332;576;100;10089602532;B
20240411;100332;576;3;10089602533;B
20240411;100332;576;81;10089602534;B
20240411;100332;576;5;10089602535;B
20240411;100332;576;100;10089602536;B
20240411;100332;576;1;10089602537;B
20240411;100332;576;2;10089602538;B
20240411;100332;576;5;10089602539;B
20240411;100332;576;1;10089602540;B
20240411;100332;576;1;10089602541;B
20240411;100332;576;4;10089602542;B
20240411;100332;576;560;10089602543;B
20240411;100332;576;4587;10089602544;B
20240411;100332;576;8340;10089602545;B
20240411;100332;575.5;154;10089602559;S
20240411;100332;575.5;346;10089602560;S
20240411;100332;575.5;154;10089602561;S
20240411;100332;575.5;1;10089602562;B
20240411;100332;575.5;75;10089602563;B
20240411;100332;575.5;70;10089602564;B
20240411;100332;575.5;146;10089602565;B
20240411;100332;575.5;146;10089602566;B
20240411;100332;575.5;146;10089602571;B
20240411;100332;575.5;62;10089602572;B
20240411;100332;575.5;84;10089602573;B
20240411;100332;575.5;16;10089602574;B
20240411;100332;575.5;129;10089602575;B
20240411;100332;575.5;50;10089602576;B
20240411;100332;575.5;70;10089602577;B
20240411;100332;575.5;1;10089602591;B
20240411;100332;575.5;2;10089602672;B
20240411;100332;575.5;21;10089602687;B
20240411;100332;575.45;50;10089602693;S
20240411;100332;575.5;6;10089602696;B
20240411;100332;575.5;16;10089602709;B
20240411;100332;575.5;50;10089602725;B
20240411;100332;575.45;340;10089602726;S
20240411;100332;575.45;154;10089602727;S
20240411;100332;575.45;355;10089602728;S
20240411;100332;575.35;139;10089602729;S
20240411;100332;575.35;12;10089602730;S
20240411;100332;575.35;139;10089602731;S
20240411;100332;575.3;39;10089602732;S
20240411;100332;575.35;16;10089602734;B
20240411;100332;575.35;19;10089602735;B
20240411;100332;575.35;10;10089602740;B
20240411;100332;575.3;17;10089602780;S
20240411;100332;575.3;44;10089602855;S
20240411;100332;575.3;139;10089602856;S
20240411;100332;575.3;106;10089602857;S
20240411;100332;575.3;182;10089602858;S
20240411;100333;575.35;5;10089602861;B
20240411;100333;575.4;106;10089602862;B
20240411;100333;575.4;175;10089602863;B
20240411;100333;575.45;12;10089602864;B
20240411;100333;575.45;154;10089602865;B
20240411;100333;575.5;48;10089602866;B
20240411;100333;575.35;57;10089602909;S
20240411;100333;575.45;154;10089602910;B
20240411;100333;575.45;175;10089602911;B
20240411;100333;575.45;8;10089602912;B
20240411;100333;575.45;30;10089602932;B
20240411;100334;575.45;1;10089603205;B
20240411;100334;575.4;1;10089603253;S
20240411;100334;575.35;19;10089603254;S
20240411;100334;575.45;1;10089603312;B
20240411;100335;575.35;77;10089603392;S
20240411;100335;575.4;1;10089603403;B
20240411;100335;575.35;16;10089603543;S
20240411;100335;575.4;50;10089603563;B
20240411;100337;575.4;20;10089603813;B
20240411;100337;575.35;22;10089603825;S
20240411;100337;575.35;1;10089603831;S
20240411;100337;575.35;1;10089603884;S
20240411;100337;575.4;2;10089603986;B
20240411;100337;575.4;7;10089604046;B
20240411;100337;575.35;15;10089604071;S
20240411;100338;575.4;17;10089604090;B
20240411;100338;575.4;106;10089604161;B
20240411;100339;575.4;3;10089604293;B
20240411;100339;575.4;10;10089604377;B
20240411;100340;575.4;4;10089604652;B
20240411;100341;575.4;500;10089604793;B
20240411;100341;575.4;55;10089604807;B
20240411;100341;575.4;31;10089604808;B
20240411;100341;575.35;5;10089604809;S
20240411;100342;575.4;8;10089604957;B
20240411;100342;575.35;5;10089605032;S
20240411;100342;575.4;97;10089605056;B
20240411;100342;575.4;10;10089605057;B
20240411;100342;575.4;86;10089605058;B
20240411;100342;575.4;6;10089605059;B
20240411;100342;575.4;100;10089605060;B
20240411;100342;575.45;400;10089605061;B
20240411;100342;575.45;301;10089605062;B
20240411;100343;575.5;10;10089605150;B
20240411;100343;575.5;1;10089605151;B
20240411;100343;575.4;5;10089605161;S
20240411;100343;575.5;10;10089605316;B
20240411;100343;575.5;10;10089605345;B
20240411;100343;575.4;3;10089605348;S
20240411;100343;575.4;167;10089605359;S
20240411;100343;575.4;105;10089605360;S
20240411;100343;575.4;154;10089605361;S
20240411;100343;575.4;89;10089605362;S
20240411;100343;575.5;10;10089605370;B
20240411;100343;575.4;2;10089605371;S
20240411;100344;575.5;1;10089605478;B
20240411;100344;575.5;1;10089605580;B
20240411;100344;575.45;1;10089605598;S
20240411;100345;575.5;9;10089605696;B
20240411;100345;575.5;688;10089605697;B
20240411;100345;575.5;303;10089605698;B
20240411;100345;575.5;1;10089605733;B
20240411;100345;575.45;20;10089605734;S
20240411;100345;575.45;3;10089605814;S
20240411;100345;575.5;15;10089605873;B
20240411;100345;575.45;5;10089605881;S
20240411;100345;575.5;1;10089605906;B
20240411;100346;575.5;1;10089605968;B
20240411;100346;575.5;88;10089606113;B
20240411;100346;575.5;100;10089606129;B
20240411;100347;575.5;1;10089606159;B
20240411;100347;575.45;5;10089606242;S
20240411;100347;575.5;34;10089606252;B
20240411;100347;575.5;183;10089606274;B
20240411;100347;575.5;5;10089606275;B
20240411;100348;575.5;5;10089606582;S
20240411;100349;575.55;87;10089606734;B
20240411;100349;575.5;2;10089606745;S
20240411;100349;575.5;2;10089606760;S
20240411;100349;575.5;3;10089606865;S
20240411;100349;575.5;2;10089606866;S
20240411;100350;575.5;152;10089607063;S
20240411;100350;575.5;175;10089607064;S
20240411;100350;575.5;185;10089607065;S
20240411;100350;575.5;238;10089607066;S
20240411;100350;575.55;1;10089607192;B
20240411;100350;575.5;2;10089607264;S
20240411;100350;575.55;1;10089607306;B
20240411;100350;575.55;2;10089607325;B
20240411;100350;575.55;1;10089607334;B
20240411;100351;575.55;1;10089607501;B
20240411;100351;575.55;2;10089607587;B
20240411;100351;575.55;35;10089607588;B
20240411;100351;575.55;100;10089607589;S
20240411;100351;575.55;4;10089607590;S
20240411;100351;575.55;196;10089607591;S
20240411;100351;575.6;1;10089607616;B
20240411;100351;575.5;1;10089607623;S
20240411;100351;575.6;1;10089607661;B
20240411;100351;575.6;1;10089607664;B
20240411;100351;575.5;5;10089607666;S
20240411;100351;575.5;2;10089607728;S
20240411;100351;575.55;20;10089607729;B
20240411;100351;575.6;1;10089607760;B
20240411;100352;575.6;472;10089607805;B
20240411;100352;575.65;50;10089607806;B
20240411;100352;575.65;104;10089607807;B
20240411;100352;575.7;200;10089607808;B
20240411;100352;575.7;2887;10089607809;B
20240411;100352;575.7;5;10089607810;B
20240411;100352;575.7;154;10089607811;B
20240411;100352;575.7;200;10089607812;S
20240411;100352;575.7;5;10089607836;S
20240411;100352;575.7;10;10089607843;S
20240411;100352;575.75;1;10089607844;B
20240411;100352;575.75;1;10089607852;B
20240411;100352;575.75;1;10089607883;B
20240411;100352;575.75;84;10089607884;B
20240411;100352;575.75;43;10089607885;B
20240411;100352;575.8;1;10089607896;B
20240411;100352;575.8;1;10089607913;B
20240411;100352;575.8;1;10089607964;B
20240411;100352;575.75;2;10089607972;S
20240411;100353;575.75;5;10089608047;S
20240411;100353;575.8;1;10089608080;B
20240411;100353;575.8;1;10089608183;B
20240411;100353;575.8;1;10089608225;B
20240411;100353;575.75;100;10089608238;S
20240411;100354;575.75;5;10089608252;S
20240411;100354;575.8;1;10089608253;B
20240411;100354;575.8;1;10089608310;B
20240411;100354;575.75;49;10089608311;S
20240411;100354;575.75;45;10089608312;S
20240411;100354;575.8;1;10089608321;B
20240411;100354;575.8;1;10089608369;B
20240411;100354;575.8;1;10089608392;B
20240411;100355;575.8;1;10089608474;B
20240411;100355;575.8;1;10089608475;B
20240411;100355;575.75;20;10089608480;S
20240411;100355;575.8;2;10089608515;B
20240411;100355;575.8;1;10089608516;B
20240411;100355;575.75;5;10089608522;S
20240411;100355;575.8;1;10089608570;B
20240411;100355;575.8;1;10089608619;B
20240411;100356;575.8;1;10089608649;B
20240411;100356;575.8;1;10089608728;B
20240411;100356;575.8;1;10089608752;B
20240411;100356;575.8;1;10089608828;B
20240411;100356;575.8;1;10089608882;B
20240411;100357;575.8;1;10089608906;B
20240411;100357;575.8;1;10089608952;B
20240411;100357;575.8;1;10089609054;B
20240411;100357;575.8;1;10089609112;B
20240411;100358;575.8;1;10089609161;B
20240411;100358;575.75;12;10089609163;S
20240411;100358;575.8;7;10089609203;B
20240411;100358;575.8;1;10089609209;B
20240411;100358;575.75;120;10089609254;S
20240411;100358;575.8;1;10089609340;B
20240411;100358;575.8;1;10089609400;B
20240411;100359;575.8;131;10089609412;B
20240411;100359;575.8;2;10089609413;B
20240411;100359;575.8;87;10089609414;B
20240411;100359;575.8;5;10089609415;B
20240411;100359;575.8;2;10089609416;B
20240411;100359;575.8;5;10089609417;B
20240411;100359;575.8;100;10089609418;S
20240411;100359;575.85;1;10089609442;B
20240411;100359;575.85;1;10089609465;B
20240411;100359;575.85;1;10089609515;B
20240411;100359;575.85;1;10089609584;B
20240411;100400;575.85;1;10089609616;B
20240411;100400;575.8;5;10089609674;S
20240411;100400;575.85;1;10089609681;B
20240411;100400;575.8;3;10089609682;S
20240411;100400;575.85;2;10089609734;B
20240411;100401;575.8;5;10089609861;S
20240411;100401;575.85;1;10089609864;B
20240411;100401;575.8;1;10089609910;S
20240411;100401;575.85;1;10089609938;B
20240411;100401;575.85;1;10089609944;B
20240411;100401;575.85;4;10089609945;B
20240411;100401;575.85;1;10089609974;B
20240411;100401;575.85;1;10089610008;B
20240411;100401;575.85;1;10089610042;B
20240411;100401;575.85;1;10089610054;B
20240411;100401;575.8;99;10089610060;S
20240411;100401;575.85;1;10089610068;B
20240411;100401;575.85;1;10089610069;B
20240411;100402;575.8;177;10089610283;S
20240411;100402;575.8;100;10089610284;S
20240411;100402;575.75;384;10089610285;S
20240411;100402;575.75;154;10089610286;S
20240411;100402;575.75;107;10089610287;S
20240411;100402;575.75;328;10089610288;S
20240411;100402;575.75;2;10089610321;S
20240411;100403;575.75;2;10089610341;S
20240411;100403;575.85;2;10089610378;B
20240411;100403;575.75;2;10089610388;S
20240411;100403;575.75;5;10089610410;S
20240411;100403;575.75;2;10089610411;S
20240411;100403;575.75;50;10089610453;S
20240411;100403;575.75;8;10089610455;S
20240411;100403;575.75;2;10089610498;S
20240411;100403;575.75;2;10089610596;S
20240411;100403;575.85;5;10089610609;B
20240411;100403;575.75;2;10089610620;S
20240411;100404;575.75;5;10089610644;S
20240411;100404;575.75;2;10089610678;S
20240411;100404;575.75;2;10089610687;S
20240411;100404;575.75;1;10089610797;S
20240411;100404;575.75;5;10089610923;S
20240411;100405;575.75;56;10089611120;S
20240411;100405;575.75;107;10089611121;S
20240411;100405;575.75;37;10089611122;S
20240411;100405;575.8;1;10089611132;B
20240411;100405;575.7;110;10089611147;S
20240411;100406;575.7;5;10089611252;S
20240411;100406;575.7;10;10089611261;S
20240411;100406;575.7;1;10089611288;S
20240411;100406;575.8;1;10089611382;B
20240411;100406;575.7;2;10089611439;S
20240411;100407;575.7;5;10089611478;S
20240411;100407;575.7;20;10089611521;S
20240411;100407;575.7;2;10089611556;S
20240411;100407;575.8;2;10089611593;B
20240411;100407;575.8;31;10089611597;B
20240411;100407;575.8;5;10089611598;B
20240411;100407;575.85;33;10089611599;B
20240411;100407;575.85;8;10089611600;B
20240411;100407;575.85;73;10089611601;B
20240411;100407;575.8;1;10089611609;S
20240411;100408;575.75;1;10089611701;S
20240411;100408;575.7;5;10089611723;S
20240411;100409;575.8;2;10089611851;B
20240411;100409;575.85;102;10089611852;B
20240411;100409;575.85;10;10089611853;B
20240411;100409;575.85;384;10089611854;B
20240411;100409;575.85;154;10089611855;B
20240411;100409;575.9;50;10089611856;B
20240411;100409;575.9;10;10089611857;B
20240411;100409;575.9;210;10089611858;B
20240411;100409;575.9;50;10089611859;B
20240411;100409;575.9;418;10089611860;B
20240411;100409;575.9;106;10089611861;B
20240411;100409;575.9;2;10089611862;B
20240411;100409;575.95;1;10089611863;B
20240411;100409;575.95;1;10089611864;B
20240411;100409;575.95;130;10089611865;B
20240411;100409;575.95;522;10089611866;B
20240411;100409;575.95;300;10089611867;B
20240411;100409;575.95;1000;10089611868;B
20240411;100409;575.95;5;10089611869;B
20240411;100409;576;11901;10089611870;B
20240411;100409;576;20241;10089611871;B
20240411;100409;576;2;10089611872;B
20240411;100409;576;50;10089611873;B
20240411;100409;576;1;10089611874;B
20240411;100409;576;60;10089611875;B
20240411;100409;576;5;10089611876;B
20240411;100409;576;5;10089611877;B
20240411;100409;576;100;10089611878;B
20240411;100409;576;1;10089611879;B
20240411;100409;576;1;10089611880;B
20240411;100409;576;400;10089611881;B
20240411;100409;576;20;10089611882;B
20240411;100409;576;2;10089611883;B
20240411;100409;576;36;10089611884;B
20240411;100409;576;26;10089611885;B
20240411;100409;576;1;10089611886;B
20240411;100409;576;30;10089611887;B
20240411;100409;576;1;10089611888;B
20240411;100409;576;26;10089611889;B
20240411;100409;576;2;10089611890;B
20240411;100409;576;36;10089611891;B
20240411;100409;576;6;10089611892;B
20240411;100409;576;10;10089611893;B
20240411;100409;576;25;10089611894;B
20240411;100409;576;139;10089611895;B
20240411;100409;576;1;10089611896;B
20240411;100409;576;10;10089611897;B
20240411;100409;576;1;10089611898;B
20240411;100409;576;10;10089611899;B
20240411;100409;576;10;10089611900;B
20240411;100409;576;1;10089611901;B
20240411;100409;576.05;380;10089611905;B
20240411;100409;576.05;620;10089611906;B
20240411;100409;576;400;10089611907;S
20240411;100409;576;200;10089611908;S
20240411;100409;576.05;106;10089611909;B
20240411;100409;576;100;10089611910;S
20240411;100409;576.05;1;10089611912;B
20240411;100409;576.05;93;10089611913;B
20240411;100409;576.05;107;10089611914;B
20240411;100409;576.05;68;10089611915;B
20240411;100409;576;100;10089611916;S
20240411;100409;576;2;10089611924;S
20240411;100409;576.1;2;10089611925;B
20240411;100409;576.1;1;10089611926;B
20240411;100409;576.1;6;10089611927;B
20240411;100409;576.1;4;10089611928;B
20240411;100409;576.1;169;10089611929;B
20240411;100409;576.1;1;10089611931;B
20240411;100409;576.1;180;10089611956;B
20240411;100409;576.1;16;10089611957;B
20240411;100409;576.1;1;10089611960;B
20240411;100409;576.1;4;10089611965;B
20240411;100409;576.1;1;10089611966;B
20240411;100409;576.1;169;10089611977;B
20240411;100409;576.15;1000;10089611978;B
20240411;100409;576.15;1;10089611979;B
20240411;100409;576.2;9;10089611980;B
20240411;100409;576.2;400;10089611981;B
20240411;100409;576.2;200;10089611982;B
20240411;100409;576.2;1;10089611983;B
20240411;100409;576.25;1;10089611984;B
20240411;100409;576.25;19;10089611985;B
20240411;100409;576.25;222;10089611991;B
20240411;100409;576.3;50;10089611992;B
20240411;100409;576.3;1;10089611993;B
20240411;100409;576.3;5;10089611994;B
20240411;100409;576.35;20;10089611995;B
20240411;100409;576.35;30;10089611996;B
20240411;100409;576.35;1;10089611997;B
20240411;100409;576.35;1;10089611998;B
20240411;100409;576.2;50;10089611999;S
20240411;100409;576.4;1;10089612026;B
20240411;100409;576.4;1;10089612027;B
20240411;100409;576.4;48;10089612028;B
20240411;100409;576.4;50;10089612032;B
20240411;100409;576.4;50;10089612033;B
20240411;100409;576.3;100;10089612034;S
20240411;100409;576.45;1;10089612035;B
20240411;100409;576.45;3;10089612036;B
20240411;100409;576.45;20;10089612037;B
20240411;100409;576.45;9;10089612038;B
20240411;100409;576.45;1;10089612039;B
20240411;100409;576.45;16;10089612040;B
20240411;100409;576.45;50;10089612041;B
20240411;100409;576.45;3;10089612053;B
20240411;100409;576.45;54;10089612061;B
20240411;100409;576.45;1;10089612063;B
20240411;100410;576.35;1;10089612169;S
20240411;100410;576.3;30;10089612174;S
20240411;100410;576.3;20;10089612193;S
20240411;100410;576.3;107;10089612194;S
20240411;100410;576.3;73;10089612195;S
20240411;100410;576.3;100;10089612236;S
20240411;100410;576.35;1;10089612270;B
20240411;100410;576.35;8;10089612274;B
20240411;100410;576.25;10;10089612286;S
20240411;100410;576.2;20;10089612287;S
20240411;100410;576.15;20;10089612288;S
20240411;100410;576.15;1;10089612298;S
20240411;100410;576.2;2;10089612320;B
20240411;100411;576.1;2;10089612499;S
20240411;100411;576.15;3;10089612573;B
20240411;100411;576.1;2;10089612577;S
20240411;100411;576.15;1;10089612628;B
20240411;100412;576.15;1;10089612673;B
20240411;100412;576.15;1;10089612683;B
20240411;100412;576.1;8;10089612742;S
20240411;100412;576.1;1;10089612744;S
20240411;100412;576.15;1;10089612746;B
20240411;100412;576.15;25;10089612761;B
20240411;100412;576.1;20;10089612805;S
20240411;100412;576.15;1;10089612824;B
20240411;100413;576.15;1;10089612887;B
20240411;100413;576.15;2;10089612895;B
20240411;100413;576.15;1;10089612985;B
20240411;100413;576.15;1;10089613020;B
20240411;100413;576.15;1;10089613069;B
20240411;100414;576.1;1;10089613077;S
20240411;100414;576.15;1;10089613086;B
20240411;100414;576.1;259;10089613087;S
20240411;100414;576.1;106;10089613088;S
20240411;100414;576.05;138;10089613089;S
20240411;100414;576;188;10089613090;S
20240411;100414;576.15;1;10089613133;B
20240411;100414;576.15;1;10089613195;B
20240411;100414;576.1;2;10089613244;S
20240411;100415;576.15;1;10089613299;B
20240411;100415;576.15;1;10089613339;B
20240411;100415;576.15;100;10089613346;B
20240411;100415;576.15;2;10089613353;B
20240411;100415;576.15;1;10089613357;B
20240411;100415;576.15;1;10089613361;B
20240411;100415;576.1;1;10089613363;S
20240411;100415;576.15;1;10089613407;B
20240411;100415;576.1;1;10089613434;S
20240411;100415;576.15;170;10089613441;B
20240411;100415;576.15;1;10089613442;B
20240411;100415;576.2;329;10089613443;B
20240411;100416;576.15;1;10089613501;B
20240411;100416;576.15;1;10089613533;B
20240411;100416;576.15;1;10089613608;B
20240411;100416;576.15;1;10089613637;B
20240411;100416;576.1;141;10089613644;S
20240411;100416;576.1;1;10089613688;B
20240411;100417;576.1;1;10089613935;B
20240411;100417;576.1;1;10089613971;B
20240411;100417;576.1;1;10089613996;B
20240411;100417;576.1;1;10089614013;B
20240411;100417;576.1;1;10089614082;B
20240411;100418;576.1;1;10089614180;B
20240411;100418;576.1;1;10089614256;B
20240411;100418;576.1;1;10089614328;B
20240411;100418;576.1;1;10089614418;B
20240411;100419;576.05;3;10089614439;S
20240411;100419;576.1;1;10089614455;B
20240411;100419;576.05;135;10089614462;S
20240411;100419;576.05;65;10089614463;S
20240411;100419;576.05;10;10089614487;S
20240411;100419;576.1;1;10089614497;B
20240411;100419;576.1;20;10089614522;B
20240411;100419;576.1;20;10089614539;B
20240411;100419;576.1;7;10089614603;B
20240411;100419;576.1;1;10089614604;B
20240411;100419;576.1;10;10089614605;B
20240411;100419;576.1;20;10089614606;B
20240411;100419;576.1;5;10089614607;B
20240411;100419;576.05;50;10089614616;S
20240411;100419;576.1;10;10089614721;B
20240411;100419;576.15;171;10089614722;B
20240411;100419;576.15;384;10089614723;B
20240411;100419;576.15;1;10089614724;B
20240411;100419;576.2;1446;10089614725;B
20240411;100419;576.2;154;10089614726;B
20240411;100419;576.25;11;10089614727;B
20240411;100419;576.25;5;10089614728;B
20240411;100419;576.25;49;10089614729;B
20240411;100419;576.25;105;10089614730;B
20240411;100419;576.3;2;10089614731;B
20240411;100419;576.3;390;10089614732;B
20240411;100419;576.45;50;10089614733;B
20240411;100419;576.45;52;10089614734;B
20240411;100419;576.5;1;10089614735;B
20240411;100419;576.5;1;10089614736;B
20240411;100419;576.5;9;10089614737;B
20240411;100419;576.5;1;10089614738;B
20240411;100419;576.5;5;10089614739;B
20240411;100419;576.5;9;10089614740;B
20240411;100419;576.5;1;10089614741;B
20240411;100419;576.55;100;10089614742;B
20240411;100419;576.55;1;10089614743;B
20240411;100419;576.55;42;10089614744;B
20240411;100419;576.45;1;10089614746;B
20240411;100420;576.45;1;10089614763;B
20240411;100420;576.25;47;10089614806;S
20240411;100420;576.2;453;10089614807;S
20240411;100420;576.4;1;10089614816;B
20240411;100420;576.45;6;10089614817;B
20240411;100420;576.4;2;10089614955;B
20240411;100420;576.4;1;10089615032;B
20240411;100420;576.4;1;10089615092;B
20240411;100420;576.4;3;10089615152;B
20240411;100420;576.4;1;10089615162;B
20240411;100421;576.4;1;10089615210;B
20240411;100421;576.4;20;10089615217;B
20240411;100421;576.35;100;10089615225;S
20240411;100421;576.35;9;10089615249;B
20240411;100421;576.35;1;10089615314;B
20240411;100421;576.35;1;10089615330;B
20240411;100421;576.35;1;10089615379;B
20240411;100421;576.35;1;10089615436;B
20240411;100422;576.35;1;10089616080;B
20240411;100422;576.35;1;10089616111;B
20240411;100422;576.35;1;10089616287;B
20240411;100422;576.35;1;10089616326;B
20240411;100422;576.35;1;10089616386;B
20240411;100423;576.35;1;10089616430;B
20240411;100423;576.35;1;10089616505;B
20240411;100423;576.35;1;10089616533;B
20240411;100423;576.35;1;10089616609;B
20240411;100423;576.35;1;10089616636;B
20240411;100423;576.35;4;10089616650;B
20240411;100423;576.35;1;10089616754;B
20240411;100424;576.35;7;10089616769;B
20240411;100424;576.35;8;10089616829;B
20240411;100424;576.35;1;10089616845;B
20240411;100424;576.35;7;10089616898;B
20240411;100424;576.35;1;10089616930;B
20240411;100424;576.35;1;10089616957;B
20240411;100424;576.25;2;10089616958;S
20240411;100424;576.35;1;10089616965;B
20240411;100424;576.35;46;10089616994;B
20240411;100424;576.4;14;10089616995;B
20240411;100424;576.4;1;10089617032;B
20240411;100425;576.4;1;10089617105;B
20240411;100425;576.4;1;10089617108;B
20240411;100425;576.4;1;10089617137;B
20240411;100425;576.4;1;10089617189;B
20240411;100425;576.4;1;10089617198;B
20240411;100425;576.35;20;10089617213;S
20240411;100425;576.4;1;10089617251;B
20240411;100426;576.4;1;10089617357;B
20240411;100426;576.4;28;10089617393;B
20240411;100426;576.5;15;10089617394;B
20240411;100426;576.5;18;10089617395;B
20240411;100426;576.55;139;10089617396;B
20240411;100426;576.45;1;10089617413;S
20240411;100426;576.55;1;10089617450;B
20240411;100426;576.6;1;10089617473;B
20240411;100426;576.45;44;10089617508;S
20240411;100426;576.45;154;10089617509;S
20240411;100426;576.45;2;10089617523;B
20240411;100426;576.55;45;10089617524;B
20240411;100426;576.55;1;10089617552;B
20240411;100426;576.55;1;10089617642;B
20240411;100426;576.55;1;10089617670;B
20240411;100427;576.55;10;10089617673;B
20240411;100427;576.55;5;10089617686;B
20240411;100427;576.55;1;10089617702;B
20240411;100427;576.55;1;10089617867;B
20240411;100427;576.55;1;10089617919;B
20240411;100428;576.45;68;10089617996;S
20240411;100428;576.55;1;10089618101;B
20240411;100428;576.55;1;10089618113;B
20240411;100428;576.55;1;10089618221;B
20240411;100428;576.4;1;10089618226;S
20240411;100428;576.55;1;10089618247;B
20240411;100429;576.55;1;10089618300;B
20240411;100429;576.55;1;10089618440;B
20240411;100429;576.35;10;10089618469;S
20240411;100429;576.55;17;10089618470;B
20240411;100429;576.55;103;10089618471;B
20240411;100429;576.6;1;10089618490;B
20240411;100429;576.6;1;10089618496;B
20240411;100429;576.6;1;10089618518;B
20240411;100430;576.6;1;10089618537;B
20240411;100430;576.6;1;10089618561;B
20240411;100430;576.6;1;10089618573;B
20240411;100430;576.6;1;10089618612;B
20240411;100430;576.6;1;10089618656;B
20240411;100430;576.6;1;10089618685;B
20240411;100430;576.6;1;10089618741;B
20240411;100431;576.6;1;10089618828;B
20240411;100431;576.6;1;10089618880;B
20240411;100431;576.35;5;10089618914;S
20240411;100431;576.6;1;10089618924;B
20240411;100431;576.6;12;10089618928;B
20240411;100431;576.6;1;10089618972;B
20240411;100431;576.6;1;10089618973;B
20240411;100431;576.6;1;10089619018;B
20240411;100431;576.6;1;10089619029;B
20240411;100431;576.6;1;10089619058;B
20240411;100432;576.6;1;10089619075;B
20240411;100432;576.5;300;10089619093;S
20240411;100432;576.6;1;10089619107;B
20240411;100432;576.5;10;10089619165;S
20240411;100432;576.6;1;10089619181;B
20240411;100432;576.6;1;10089619194;B
20240411;100433;576.6;1;10089619270;B
20240411;100433;576.6;86;10089619299;B
20240411;100433;576.6;2;10089619322;B
20240411;100433;576.6;1;10089619376;B
20240411;100433;576.6;1;10089619383;B
20240411;100433;576.6;1;10089619419;B
20240411;100433;576.6;5;10089619436;B
20240411;100434;576.6;1;10089619469;B
20240411;100434;576.5;2;10089619505;S
20240411;100435;576.5;2;10089619654;S
20240411;100436;576.55;1;10089619862;B
20240411;100436;576.5;1;10089619888;S
20240411;100436;576.5;1;10089619901;S
20240411;100436;576.55;4;10089619905;B
20240411;100436;576.55;5;10089619917;B
20240411;100436;576.5;3;10089620001;S
20240411;100437;576.5;100;10089620150;S
20240411;100438;576.5;100;10089620349;S
20240411;100438;576.5;4;10089620416;S
20240411;100439;576.55;10;10089620532;B
20240411;100440;576.55;6;10089620736;B
20240411;100441;576.5;2;10089620919;B
20240411;100441;576.45;2;10089621040;S
20240411;100442;576.5;20;10089621135;B
20240411;100442;576.45;392;10089621158;S
20240411;100443;576.45;175;10089621249;S
20240411;100443;576.5;118;10089621254;B
20240411;100443;576.5;19;10089621259;B
20240411;100443;576.5;20;10089621331;B
20240411;100446;576.5;1821;10089621892;B
20240411;100446;576.5;50;10089621893;B
20240411;100446;576.5;154;10089621894;B
20240411;100446;576.5;4;10089621895;B
20240411;100446;576.5;175;10089621896;B
20240411;100446;576.5;100;10089621897;B
20240411;100446;576.5;31;10089621899;S
20240411;100446;576.5;45;10089622003;S
20240411;100447;576.55;2;10089622054;B
20240411;100447;576.5;120;10089622063;S
20240411;100447;576.5;154;10089622064;S
20240411;100447;576.5;43;10089622065;S
20240411;100447;576.5;5;10089622066;S
20240411;100447;576.45;178;10089622067;S
20240411;100447;576.55;1;10089622169;B
20240411;100448;576.5;150;10089622398;S
20240411;100448;576.5;1;10089622440;S
20240411;100449;576.55;51;10089622484;B
20240411;100449;576.55;60;10089622485;B
20240411;100449;576.55;2;10089622508;B
20240411;100449;576.5;200;10089622512;S
20240411;100449;576.5;45;10089622594;S
20240411;100450;576.5;8;10089622606;S
20240411;100450;576.55;149;10089622617;B
20240411;100450;576.55;264;10089622618;B
20240411;100450;576.55;104;10089622656;S
20240411;100450;576.55;232;10089622657;S
20240411;100450;576.5;1;10089622759;S
20240411;100450;576.55;164;10089622760;B
20240411;100450;576.55;175;10089622761;B
20240411;100450;576.6;161;10089622762;B
20240411;100451;576.5;20;10089622933;S
20240411;100452;576.5;5;10089623298;S
20240411;100452;576.5;50;10089623301;S
20240411;100452;576.5;20;10089623359;S
20240411;100453;576.5;1;10089623536;S
20240411;100454;576.55;5;10089623584;B
20240411;100454;576.5;200;10089623677;S
20240411;100454;576.5;50;10089623798;S
20240411;100455;576.5;50;10089624010;S
20240411;100456;576.5;28;10089624079;S
20240411;100456;576.5;50;10089624170;S
20240411;100456;576.55;29;10089624246;B
20240411;100457;576.5;20;10089624287;S
20240411;100457;576.55;2;10089624352;B
20240411;100457;576.5;2;10089624393;S
20240411;100457;576.55;100;10089624404;B
20240411;100457;576.5;1;10089624416;S
20240411;100458;576.5;22;10089624487;S
20240411;100458;576.5;20;10089624580;S
20240411;100459;576.55;40;10089624691;B
20240411;100459;576.5;296;10089624770;S
20240411;100459;576.5;2;10089624771;S
20240411;100459;576.5;5;10089624772;S
20240411;100459;576.5;151;10089624773;S
20240411;100459;576.5;3;10089624774;S
20240411;100500;576.55;82;10089624974;B
20240411;100500;576.55;126;10089624978;B
20240411;100500;576.55;9;10089624979;B
20240411;100500;576.55;175;10089624980;B
20240411;100500;576.55;154;10089624981;B
20240411;100500;576.55;200;10089624982;B
20240411;100500;576.55;50;10089624983;B
20240411;100500;576.55;5;10089624984;B
20240411;100500;576.55;281;10089624985;B
20240411;100501;576.55;27;10089624989;B
20240411;100501;576.5;50;10089624999;S
20240411;100501;576.55;81;10089625173;B
20240411;100501;576.55;416;10089625203;B
20240411;100501;576.55;1;10089625231;B
20240411;100502;576.5;1;10089625454;S
20240411;100502;576.5;1;10089625687;S
20240411;100502;576.55;1;10089625688;B
20240411;100502;576.55;18;10089625796;B
20240411;100502;576.5;1;10089625822;S
20240411;100503;576.5;2;10089625993;S
20240411;100503;576.5;1;10089626234;S
20240411;100504;576.5;1;10089626569;S
20240411;100504;576.55;350;10089626576;B
20240411;100505;576.5;2;10089626614;S
20240411;100505;576.5;20;10089626626;S
20240411;100505;576.55;7;10089626634;B
20240411;100505;576.5;50;10089626660;S
20240411;100505;576.55;2;10089626733;B
20240411;100505;576.5;75;10089626768;S
20240411;100505;576.55;883;10089626906;B
20240411;100506;576.5;3;10089627231;S
20240411;100507;576.5;25;10089627425;S
20240411;100508;576.5;20;10089627671;S
20240411;100508;576.5;1;10089627704;S
20240411;100508;576.5;1;10089627732;S
20240411;100508;576.55;5;10089627733;B
20240411;100508;576.55;2;10089627882;B
20240411;100509;576.5;50;10089627942;S
20240411;100509;576.55;3;10089628017;B
20240411;100509;576.5;193;10089628058;S
20240411;100509;576.5;3;10089628059;S
20240411;100509;576.5;2;10089628060;S
20240411;100509;576.5;252;10089628061;S
20240411;100509;576.55;1;10089628113;B
20240411;100509;576.55;1;10089628114;B
20240411;100509;576.55;1;10089628115;B
20240411;100509;576.55;2;10089628118;B
20240411;100509;576.55;2;10089628119;B
20240411;100509;576.55;5;10089628120;B
20240411;100509;576.55;2;10089628121;B
20240411;100509;576.55;2;10089628123;B
20240411;100509;576.55;4;10089628126;B
20240411;100510;576.5;1;10089628401;S
20240411;100511;576.5;20;10089628502;S
20240411;100511;576.55;203;10089628528;B
20240411;100511;576.55;1;10089628529;B
20240411;100511;576.55;6;10089628530;B
20240411;100511;576.55;140;10089628531;B
20240411;100511;576.55;160;10089628532;B
20240411;100511;576.55;1;10089628547;B
20240411;100511;576.5;20;10089628548;S
20240411;100511;576.55;2;10089628705;B
20240411;100511;576.55;1;10089628706;B
20240411;100512;576.5;50;10089628718;S
20240411;100512;576.55;4;10089628977;B
20240411;100512;576.55;1;10089628978;B
20240411;100512;576.55;5;10089628979;B
20240411;100512;576.5;47;10089628988;S
20240411;100512;576.5;61;10089628989;S
20240411;100512;576.5;4;10089628990;S
20240411;100512;576.5;10;10089628991;S
20240411;100512;576.5;10;10089628992;S
20240411;100512;576.5;200;10089628993;S
20240411;100512;576.5;49;10089628994;S
20240411;100512;576.5;71;10089628995;S
20240411;100512;576.5;13;10089628996;S
20240411;100512;576.5;9;10089629054;B
20240411;100513;576.5;5;10089629277;B
20240411;100513;576.5;5;10089629305;B
20240411;100514;576.5;500;10089629585;B
20240411;100514;576.45;1;10089629744;S
20240411;100515;576.5;2;10089629808;B
20240411;100516;576.5;4;10089629934;B
20240411;100516;576.45;20;10089630139;S
20240411;100517;576.5;1;10089630271;B
20240411;100517;576.5;8;10089630287;B
20240411;100517;576.5;2;10089630288;B
20240411;100517;576.5;3;10089630363;B
20240411;100518;576.45;232;10089630469;S
20240411;100518;576.45;104;10089630470;S
20240411;100518;576.45;390;10089630471;S
20240411;100518;576.4;1;10089630472;S
20240411;100518;576.4;3;10089630473;S
20240411;100518;576.4;770;10089630474;S
20240411;100518;576.45;175;10089630475;B
20240411;100518;576.4;50;10089630520;B
20240411;100519;576.35;2;10089630685;S
20240411;100519;576.35;50;10089630886;S
20240411;100519;576.4;154;10089630896;B
20240411;100519;576.4;110;10089630897;B
20240411;100519;576.45;175;10089630898;B
20240411;100519;576.45;161;10089630899;B
20240411;100520;576.35;8;10089631065;S
20240411;100520;576.4;1;10089631115;B
20240411;100520;576.4;10;10089631122;B
20240411;100521;576.4;1;10089631154;B
20240411;100521;576.4;58;10089631182;B
20240411;100521;576.35;25;10089631193;S
20240411;100521;576.35;35;10089631194;S
20240411;100521;576.3;3;10089631217;S
20240411;100521;576.4;3;10089631221;B
20240411;100521;576.4;3;10089631282;B
20240411;100522;576.4;99;10089631403;B
20240411;100522;576.4;110;10089631404;B
20240411;100522;576.45;223;10089631405;B
20240411;100522;576.45;68;10089631406;B
20240411;100522;576.4;2;10089631446;B
20240411;100523;576.3;20;10089631585;S
20240411;100524;576.4;4;10089631733;B
20240411;100524;576.4;5;10089631830;B
20240411;100525;576.4;1;10089632005;B
20240411;100526;576.4;5;10089632240;B
20240411;100527;576.3;1;10089632294;S
20240411;100527;576.3;1;10089632332;S
20240411;100527;576.4;25;10089632344;B
20240411;100528;576.3;8;10089632515;S
20240411;100529;576.4;2;10089633564;B
20240411;100529;576.3;20;10089633589;S
20240411;100530;576.4;2;10089633681;B
20240411;100530;576.4;10;10089633704;B
20240411;100530;576.4;1;10089633966;B
20240411;100530;576.3;85;10089634001;S
20240411;100530;576.3;15;10089634002;S
20240411;100531;576.4;1;10089634222;B
20240411;100531;576.3;2;10089634254;S
20240411;100531;576.4;1;10089634321;B
20240411;100532;576.4;2;10089634448;B
20240411;100532;576.4;88;10089634489;B
20240411;100533;576.4;1;10089634914;B
20240411;100534;576.3;5;10089634948;S
20240411;100534;576.3;368;10089634971;S
20240411;100534;576.3;132;10089634972;S
20240411;100535;576.4;6;10089635326;B
20240411;100535;576.3;25;10089635358;S
20240411;100536;576.3;1;10089635439;B
20240411;100536;576.3;25;10089635608;B
20240411;100537;576.3;39;10089635743;B
20240411;100537;576.3;61;10089635744;B
20240411;100537;576.3;335;10089635808;B
20240411;100537;576.3;10;10089635881;B
20240411;100538;576.3;2;10089635997;B
20240411;100538;576.25;500;10089636063;S
20240411;100538;576.3;2;10089636065;B
20240411;100539;576.3;1;10089636129;B
20240411;100539;576.25;50;10089636221;S
20240411;100540;576.3;2;10089636411;B
20240411;100541;576.25;8;10089636758;S
20240411;100543;576.25;500;10089637083;S
20240411;100543;576.3;10;10089637096;B
20240411;100545;576.3;2;10089637571;B
20240411;100547;576.3;1;10089637794;B
20240411;100549;576.3;1;10089638461;B
20240411;100549;576.25;148;10089638463;S
20240411;100550;576.3;1;10089638605;B
20240411;100550;576.25;16;10089638759;S
20240411;100551;576.3;32;10089638840;B
20240411;100551;576.3;874;10089639079;B
20240411;100551;576.3;175;10089639080;B
20240411;100551;576.3;2;10089639081;B
20240411;100551;576.3;357;10089639082;B
20240411;100551;576.3;110;10089639083;B
20240411;100551;576.3;154;10089639084;B
20240411;100552;576.35;1;10089639264;B
20240411;100552;576.3;1;10089639286;S
20240411;100553;576.35;1;10089639427;B
20240411;100553;576.3;77;10089639519;S
20240411;100553;576.3;87;10089639616;S
20240411;100553;576.35;3;10089639634;B
20240411;100553;576.35;23;10089639635;B
20240411;100554;576.35;5;10089639731;B
20240411;100554;576.35;1;10089639782;B
20240411;100554;576.3;160;10089639821;S
20240411;100555;576.3;13;10089640043;S
20240411;100555;576.3;80;10089640044;S
20240411;100555;576.25;698;10089640045;S
20240411;100555;576.3;1;10089640135;S
20240411;100556;576.25;80;10089640303;S
20240411;100556;576.25;109;10089640304;S
20240411;100556;576.25;25;10089640305;S
20240411;100556;576.25;1;10089640306;S
20240411;100556;576.25;2;10089640307;S
20240411;100558;576.25;15;10089640542;B
20240411;100558;576.25;25;10089640588;B
20240411;100559;576.25;1;10089640751;B
20240411;100559;576.25;1;10089640898;B
20240411;100600;576.2;10;10089640961;S
20240411;100600;576.2;25;10089640962;S
20240411;100600;576.2;5;10089640963;S
20240411;100600;576.25;9;10089641072;B
20240411;100601;576.25;1;10089641209;B
20240411;100601;576.25;1;10089641437;B
20240411;100602;576.25;4;10089641489;B
20240411;100602;576.2;2;10089641640;S
20240411;100604;576.2;2;10089642016;S
20240411;100604;576.25;468;10089642387;B
20240411;100605;576.2;10;10089642445;S
20240411;100605;576.2;6;10089642496;S
20240411;100605;576.2;44;10089642497;S
20240411;100605;576.25;1;10089642594;B
20240411;100606;576.25;1;10089642719;B
20240411;100607;576.25;100;10089643052;B
20240411;100607;576.25;1;10089643108;B
20240411;100607;576.25;1;10089643111;B
20240411;100608;576.25;1;10089643339;B
20240411;100610;576.15;10;10089643812;S
20240411;100610;576.15;10;10089643831;S
20240411;100611;576.2;4;10089644031;B
20240411;100611;576.15;2;10089644061;S
20240411;100611;576.2;1;10089644079;B
20240411;100611;576.2;2;10089644181;B
20240411;100612;576.15;42;10089644184;S
20240411;100612;576.15;110;10089644185;S
20240411;100612;576.1;248;10089644186;S
20240411;100612;576.05;3;10089644196;S
20240411;100612;576.1;20;10089644228;B
20240411;100612;576.1;1;10089644249;B
20240411;100612;576.05;1;10089644261;S
20240411;100613;576.1;1;10089644569;B
20240411;100613;576.1;5;10089644582;B
20240411;100613;576.05;2;10089644584;S
20240411;100615;576.05;36;10089645172;S
20240411;100616;576.05;40;10089645433;S
20240411;100616;576.1;10;10089645509;B
20240411;100616;576.1;3;10089645535;B
20240411;100617;576.05;1;10089645568;S
20240411;100617;576.05;8;10089645777;S
20240411;100618;576.1;1;10089645991;B
20240411;100619;576.1;1;10089646124;B
20240411;100620;576.05;47;10089646429;S
20240411;100620;576;103;10089646430;S
20240411;100621;576;10;10089646505;S
20240411;100621;576;4;10089646623;S
20240411;100621;576;1200;10089646632;S
20240411;100621;576.1;10;10089646710;B
20240411;100621;576;1076;10089646785;S
20240411;100621;576;40;10089646786;S
20240411;100621;576;5;10089646787;S
20240411;100621;576;4;10089646788;S
20240411;100621;576;20;10089646789;S
20240411;100621;576;138;10089646790;S
20240411;100621;576;1000;10089646791;S
20240411;100621;576;111;10089646792;S
20240411;100621;575.95;10;10089646793;S
20240411;100621;575.95;10;10089646794;S
20240411;100621;575.95;138;10089646795;S
20240411;100621;575.9;20;10089646796;S
20240411;100621;575.9;34;10089646797;S
20240411;100621;575.9;138;10089646798;S
20240411;100621;575.9;154;10089646799;S
20240411;100621;575.85;10;10089646800;S
20240411;100621;575.85;20;10089646801;S
20240411;100621;575.85;390;10089646802;S
20240411;100621;575.8;2000;10089646803;S
20240411;100621;575.8;48;10089646804;S
20240411;100621;575.75;1;10089646805;S
20240411;100621;575.75;20;10089646806;S
20240411;100621;575.75;1000;10089646807;S
20240411;100621;575.7;5753;10089646808;S
20240411;100621;575.7;7;10089646809;S
20240411;100621;575.55;500;10089646810;S
20240411;100621;575.5;2500;10089646811;S
20240411;100621;575.5;3;10089646812;S
20240411;100621;575.5;1000;10089646813;S
20240411;100621;575.45;13;10089646814;S
20240411;100621;575.45;100;10089646815;S
20240411;100621;575.4;300;10089646816;S
20240411;100621;575.4;3;10089646817;S
20240411;100621;575.4;1;10089646818;S
20240411;100621;575.4;2;10089646819;S
20240411;100621;575.4;100;10089646820;S
20240411;100621;575.4;1;10089646821;S
20240411;100621;575.4;10;10089646822;S
20240411;100621;575.4;1000;10089646823;S
20240411;100621;575.35;90;10089646824;S
20240411;100621;575.35;100;10089646825;S
20240411;100621;575.35;20;10089646826;S
20240411;100621;575.3;2;10089646827;S
20240411;100621;575.3;10;10089646828;S
20240411;100621;575.25;100;10089646829;S
20240411;100621;575.25;100;10089646830;S
20240411;100621;575.25;10;10089646831;S
20240411;100621;575.2;2;10089646832;S
20240411;100621;575.2;10;10089646833;S
20240411;100621;575.2;1500;10089646834;S
20240411;100621;575.15;2480;10089646835;S
20240411;100621;575.15;10;10089646836;S
20240411;100621;575.05;1;10089646837;S
20240411;100621;575.05;530;10089646838;S
20240411;100621;575.05;53;10089646839;S
20240411;100621;575;167;10089646840;S
20240411;100621;575.35;138;10089646841;B
20240411;100621;575.35;138;10089646842;B
20240411;100621;575.25;138;10089646843;S
20240411;100621;575.35;37;10089646844;B
20240411;100621;575.35;42;10089646845;B
20240411;100621;575.45;111;10089646846;B
20240411;100621;575.5;18;10089646847;B
20240411;100621;575.25;138;10089646848;S
20240411;100621;575.2;138;10089646849;S
20240411;100621;575.2;154;10089646850;S
