<DATE>;<TIME>;<LAST>;<VOL>;<ID>;<OPER>
20240426;095933;579.95;3;10212316373;S
20240426;095933;579.95;5;10212316374;S
20240426;095933;579.95;2;10212316375;S
20240426;095933;579.95;1;10212316376;S
20240426;095933;579.95;16;10212316377;S
20240426;095933;579.95;3;10212316378;S
20240426;095933;579.95;1;10212316379;S
20240426;095933;579.95;43;10212316380;S
20240426;095933;579.95;1;10212316381;B
20240426;095933;579.95;1;10212316382;B
20240426;095933;579.95;4;10212316383;B
20240426;095933;579.95;1;10212316384;B
20240426;095933;579.95;30;10212316385;B
20240426;095933;579.95;10;10212316386;B
20240426;095933;579.95;1;10212316387;B
20240426;095933;579.95;9;10212316388;B
20240426;095933;579.95;1;10212316389;B
20240426;095933;579.95;2;10212316390;B
20240426;095933;579.95;1;10212316391;B
20240426;095933;579.95;1;10212316392;B
20240426;095933;579.95;2;10212316393;B
20240426;095933;579.95;2;10212316394;B
20240426;095933;579.95;1;10212316395;S
20240426;095933;579.95;1;10212316396;S
20240426;095933;579.95;5;10212316397;B
20240426;095933;579.95;5;10212316398;B
20240426;095933;579.95;1;10212316399;S
20240426;095933;579.95;69;10212316400;S
20240426;095933;579.95;17;10212316401;B
20240426;095933;579.95;214;10212316402;B
20240426;095933;579.95;1;10212316403;B
20240426;095933;579.95;1;10212316404;B
20240426;095933;579.95;1;10212316405;B
20240426;095933;579.95;11;10212316406;B
20240426;095933;579.95;34;10212316407;B
20240426;095933;579.95;31;10212316408;B
20240426;095933;579.95;2;10212316409;B
20240426;095933;579.95;1;10212316410;B
20240426;095933;579.95;3;10212316411;B
20240426;095933;579.95;5;10212316412;B
20240426;095933;579.95;1;10212316413;B
20240426;095933;579.95;2;10212316414;B
20240426;095933;579.95;5;10212316415;B
20240426;095933;579.95;9;10212316416;B
20240426;095933;579.95;1;10212316417;B
20240426;095933;579.95;1;10212316418;B
20240426;095933;579.95;2;10212316419;B
20240426;095933;579.95;1;10212316420;B
20240426;095933;579.95;10;10212316421;B
20240426;095933;579.95;2;10212316422;B
20240426;095933;579.95;1;10212316423;B
20240426;095933;579.95;1;10212316424;B
20240426;095933;579.95;3;10212316425;B
20240426;095933;579.95;3;10212316426;S
20240426;095933;579.95;1;10212316427;S
20240426;095933;579.95;10;10212316428;S
20240426;095933;579.95;3;10212316429;S
20240426;095933;579.95;4;10212316430;S
20240426;095933;579.95;5;10212316431;S
20240426;095933;579.95;3;10212316432;S
20240426;095933;579.95;2;10212316433;S
20240426;095933;579.95;2;10212316434;S
20240426;095933;579.95;3;10212316435;S
20240426;095933;579.95;5;10212316436;S
20240426;095933;579.95;1;10212316437;B
20240426;095933;579.95;24;10212316438;B
20240426;095933;579.95;60;10212316439;B
20240426;095933;579.95;1;10212316440;S
20240426;095933;579.95;7;10212316441;B
20240426;095933;579.95;10;10212316442;B
20240426;095933;579.95;213;10212316443;S
20240426;095933;579.95;7;10212316444;B
20240426;095933;579.95;2;10212316445;B
20240426;095933;579.95;35;10212316446;B
20240426;095933;579.95;100;10212316447;B
20240426;095933;579.95;15;10212316448;S
20240426;095933;579.95;128;10212316449;B
20240426;095933;579.95;5;10212316450;B
20240426;095933;579.95;7;10212316451;B
20240426;095933;579.95;800;10212316452;B
20240426;100000;580;7;10212321559;B
20240426;100000;580;1;10212321560;B
20240426;100000;580;1;10212321561;B
20240426;100000;580;155;10212321562;B
20240426;100000;580;1;10212321563;B
20240426;100000;580;15;10212321564;B
20240426;100000;580;100;10212321565;B
20240426;100000;580.05;7;10212321566;B
20240426;100000;580.1;3;10212321610;B
20240426;100000;580.1;4;10212321621;B
20240426;100000;580.15;7;10212321663;B
20240426;100000;580.2;7;10212321691;B
20240426;100000;580.25;5;10212321732;B
20240426;100000;580.25;2;10212321735;B
20240426;100000;580.25;1;10212321736;B
20240426;100000;580.3;7;10212321769;B
20240426;100000;580.35;7;10212321852;B
20240426;100000;580.35;1;10212321856;B
20240426;100000;580.35;1;10212321857;B
20240426;100000;580.35;1;10212321859;B
20240426;100000;580.3;1;10212321873;S
20240426;100000;580.4;7;10212321879;B
20240426;100000;580.45;6;10212322017;B
20240426;100000;580.45;1;10212322022;B
20240426;100000;580.45;2;10212322023;B
20240426;100000;580.45;1;10212322026;B
20240426;100000;580.45;1;10212322201;B
20240426;100000;580.45;3;10212322302;B
20240426;100000;580.45;6;10212322325;B
20240426;100000;580.45;1;10212322327;B
20240426;100000;580.45;1;10212322332;B
20240426;100000;580.45;1;10212322333;B
20240426;100000;580.45;1;10212322364;B
20240426;100000;580.45;1;10212322367;B
20240426;100000;580.45;1;10212322376;B
20240426;100000;580.45;1;10212322402;B
20240426;100000;580.45;4;10212322403;B
20240426;100000;580.45;2;10212322406;B
20240426;100000;580.45;1;10212322410;B
20240426;100000;580.45;1;10212322411;B
20240426;100000;580.45;3;10212322419;B
20240426;100000;580.45;3;10212322421;B
20240426;100000;580.45;2;10212322422;B
20240426;100000;580.45;1;10212322426;B
20240426;100000;580.45;1;10212322427;B
20240426;100000;580.45;1;10212322429;B
20240426;100000;580.45;5;10212322432;B
20240426;100000;580.45;1;10212322433;B
20240426;100001;580.45;186;10212322445;B
20240426;100001;580.45;2;10212322529;B
20240426;100001;580.45;5;10212322568;B
20240426;100001;580.45;1;10212322574;B
20240426;100001;580.45;1;10212322580;B
20240426;100001;580.45;3;10212322590;B
20240426;100001;580.45;3;10212322599;B
20240426;100001;580.45;1;10212322610;B
20240426;100001;580.45;1;10212322620;B
20240426;100001;580.45;1;10212322642;B
20240426;100001;580.45;3;10212322645;B
20240426;100001;580.45;3;10212322654;B
20240426;100001;580.4;10;10212322698;S
20240426;100001;580.3;25;10212322792;S
20240426;100001;580.3;126;10212322865;S
20240426;100001;580.2;1;10212322890;S
20240426;100001;580.2;11;10212322930;S
20240426;100001;580.45;20;10212323055;B
20240426;100002;580.2;38;10212323189;S
20240426;100002;580.2;34;10212323190;S
20240426;100002;580.15;5;10212323191;S
20240426;100002;580.1;123;10212323192;S
20240426;100002;580.1;5;10212323459;S
20240426;100002;580.1;29;10212323576;S
20240426;100002;580.05;13;10212323577;S
20240426;100002;580.05;45;10212323578;S
20240426;100002;580.45;1;10212323787;B
20240426;100003;580.45;6;10212324028;B
20240426;100004;580.45;17;10212324366;B
20240426;100004;580.1;14;10212324627;S
20240426;100005;580.05;55;10212324777;S
20240426;100005;580.05;97;10212324778;S
20240426;100005;580.45;1;10212324975;B
20240426;100005;580.45;1;10212324977;B
20240426;100005;580.45;1;10212324980;B
20240426;100005;580.05;3;10212324981;S
20240426;100005;580.05;4;10212324982;S
20240426;100005;580.45;1;10212324983;B
20240426;100005;580.45;1;10212324984;B
20240426;100005;580.45;2;10212324985;B
20240426;100005;580.05;46;10212324987;S
20240426;100005;580.45;1;10212324992;B
20240426;100005;580.45;1;10212324996;B
20240426;100005;580.05;5;10212325157;S
20240426;100005;580.45;2;10212325158;B
20240426;100005;580.05;5;10212325159;S
20240426;100005;580.45;1;10212325162;B
20240426;100005;580.45;1;10212325164;B
20240426;100005;580.45;6;10212325383;B
20240426;100005;580.45;6;10212325437;B
20240426;100006;580.05;2;10212325441;S
20240426;100006;580.05;1;10212325457;S
20240426;100006;580.45;1;10212325459;B
20240426;100006;580.45;1;10212325461;B
20240426;100006;580.45;2;10212325464;B
20240426;100006;580.05;2;10212325465;S
20240426;100006;580.05;2;10212325467;S
20240426;100006;580.45;1;10212325468;B
20240426;100006;580.05;2;10212325470;S
20240426;100006;580.45;1;10212325473;B
20240426;100006;580.45;10;10212325475;B
20240426;100006;580.45;1;10212325546;B
20240426;100006;580.05;2;10212325561;S
20240426;100006;580.45;5;10212325609;B
20240426;100006;580.45;1;10212325990;B
20240426;100006;580.45;1;10212325991;B
20240426;100006;580.45;1;10212325992;B
20240426;100006;580.1;2;10212325994;S
20240426;100006;580.1;2;10212325995;S
20240426;100006;580.45;1;10212326074;B
20240426;100006;580.45;1;10212326075;B
20240426;100007;580.1;13;10212326836;S
20240426;100007;580.1;1;10212326843;S
20240426;100007;580.1;2;10212326851;S
20240426;100007;580.1;2;10212326856;S
20240426;100007;580.45;1;10212326867;B
20240426;100007;580.45;2;10212326878;B
20240426;100007;580.45;1;10212327039;B
20240426;100007;580.45;2;10212327054;B
20240426;100007;580.1;1;10212327057;S
20240426;100007;580.45;1;10212327062;B
20240426;100007;580.45;1;10212327068;B
20240426;100007;580.1;4;10212327070;S
20240426;100007;580.1;1;10212327077;S
20240426;100007;580.45;2;10212327080;B
20240426;100007;580.45;1;10212327147;B
20240426;100007;580.1;1;10212327159;S
20240426;100007;580.45;2;10212327163;B
20240426;100007;580.45;2;10212327171;B
20240426;100007;580.1;2;10212327178;S
20240426;100007;580.45;1;10212327236;B
20240426;100007;580.45;1;10212327246;B
20240426;100007;580.45;5;10212327251;B
20240426;100007;580.45;1;10212327256;B
20240426;100007;580.45;1;10212327257;B
20240426;100007;580.45;1;10212327268;B
20240426;100007;580.1;2;10212327270;S
20240426;100007;580.1;2;10212327271;S
20240426;100007;580.1;1;10212327276;S
20240426;100007;580.1;2;10212327284;S
20240426;100007;580.1;1;10212327288;S
20240426;100007;580.45;1;10212327494;B
20240426;100007;580.1;1;10212327499;S
20240426;100007;580.45;1;10212327501;B
20240426;100007;580.1;1;10212327509;S
20240426;100007;580.1;2;10212327511;S
20240426;100007;580.1;2;10212327515;S
20240426;100007;580.1;2;10212327518;S
20240426;100007;580.1;2;10212327821;S
20240426;100007;580.1;1;10212327826;S
20240426;100007;580.45;1;10212327828;B
20240426;100007;580.1;2;10212327832;S
20240426;100007;580.1;1;10212327835;S
20240426;100007;580.1;25;10212327837;S
20240426;100007;580.1;9;10212327838;S
20240426;100007;580.45;2;10212327840;B
20240426;100007;580.45;2;10212327843;B
20240426;100007;580.05;1;10212327928;S
20240426;100007;580.05;1;10212327931;S
20240426;100007;580.05;1;10212327936;S
20240426;100007;580.45;2;10212327938;B
20240426;100007;580.05;1;10212327942;S
20240426;100007;580.45;1;10212327947;B
20240426;100007;580.45;1;10212327950;B
20240426;100007;580.05;4;10212328254;S
20240426;100007;580.45;1;10212328256;B
20240426;100007;580.45;1;10212328260;B
20240426;100007;580.45;2;10212328263;B
20240426;100007;580.45;2;10212328265;B
20240426;100007;580.05;2;10212328268;S
20240426;100008;580.45;1;10212328348;B
20240426;100008;580.45;1;10212328607;B
20240426;100008;580.45;1;10212328610;B
20240426;100008;580.05;2;10212328613;S
20240426;100008;580.05;2;10212328616;S
20240426;100008;580.45;2;10212328617;B
20240426;100008;580.05;1;10212328620;S
20240426;100008;580.05;2;10212328621;S
20240426;100008;580.05;1;10212328627;S
20240426;100008;580.45;1;10212328630;B
20240426;100008;580.45;1;10212328632;B
20240426;100008;580.45;1;10212328637;B
20240426;100008;580.05;2;10212328640;S
20240426;100008;580.45;2;10212328698;B
20240426;100008;580.05;2;10212328699;S
20240426;100008;580.45;1;10212328700;B
20240426;100008;580.05;125;10212328703;S
20240426;100008;580.45;1;10212328704;B
20240426;100008;580.05;2;10212328706;S
20240426;100008;580.45;1;10212328707;B
20240426;100008;580.05;100;10212328749;S
20240426;100008;580.45;1;10212328943;B
20240426;100008;580.45;2;10212328953;B
20240426;100008;580.45;1;10212328955;B
20240426;100008;580.05;2;10212328957;S
20240426;100008;580.05;1;10212329105;S
20240426;100009;580.45;90;10212329296;B
20240426;100009;580.45;8;10212329297;B
20240426;100009;580.45;2;10212329298;B
20240426;100009;580.45;25;10212329348;B
20240426;100009;580.05;1;10212329434;S
20240426;100009;580.45;2;10212329435;B
20240426;100009;580.45;62;10212329656;B
20240426;100010;580.1;1;10212329997;S
20240426;100010;580.45;1;10212330000;B
20240426;100010;580.05;3;10212330006;S
20240426;100010;580.45;1;10212330008;B
20240426;100010;580.45;1;10212330009;B
20240426;100010;580.45;1;10212330013;B
20240426;100010;580.05;1;10212330028;S
20240426;100010;580.05;1;10212330146;S
20240426;100010;580.05;1;10212330147;S
20240426;100010;580.45;1;10212330152;B
20240426;100010;580.05;1;10212330154;S
20240426;100010;580.05;1;10212330167;S
20240426;100010;580.45;1;10212330168;B
20240426;100010;580.45;1;10212330171;B
20240426;100010;580.45;1;10212330306;B
20240426;100010;580.45;1;10212330308;B
20240426;100010;580.45;1;10212330312;B
20240426;100010;580.45;2;10212330612;B
20240426;100010;580.45;2;10212330613;B
20240426;100010;580.45;1;10212330614;B
20240426;100010;580.05;3;10212330616;S
20240426;100010;580.45;2;10212330617;B
20240426;100010;580.45;1;10212330618;B
20240426;100010;580.45;2;10212330619;B
20240426;100011;580.45;20;10212330951;B
20240426;100011;580.45;32;10212330960;B
20240426;100013;580.1;1;10212331298;S
20240426;100016;580.45;1;10212332092;B
20240426;100017;580.45;24;10212332430;B
20240426;100017;580.45;52;10212332431;B
20240426;100018;580.4;19;10212332734;B
20240426;100019;580.4;1;10212333013;B
20240426;100020;580.15;2;10212333159;S
20240426;100021;580.15;3;10212333349;S
20240426;100021;580.3;1;10212333372;B
20240426;100022;580.3;1;10212333535;B
20240426;100022;580.2;1;10212333612;S
20240426;100023;580.4;1;10212333667;B
20240426;100023;580.2;18;10212333825;S
20240426;100023;580.4;13;10212333826;B
20240426;100023;580.4;17;10212333827;B
20240426;100024;580.2;1;10212334034;S
20240426;100025;580.2;174;10212334166;S
20240426;100025;580.15;18;10212334175;S
20240426;100025;580.15;1;10212334221;B
20240426;100026;580.1;1;10212334489;S
20240426;100027;580.1;6;10212334661;S
20240426;100029;580.15;12;10212335027;B
20240426;100029;580.15;4;10212335041;B
20240426;100029;580.15;165;10212335094;B
20240426;100029;580.15;1;10212335095;B
20240426;100029;580.2;34;10212335096;B
20240426;100029;580.1;60;10212335275;S
20240426;100031;580.2;5;10212335605;B
20240426;100032;580.2;1;10212335796;B
20240426;100032;580.1;3;10212335799;S
20240426;100034;580.2;1;10212336169;B
20240426;100036;580.1;92;10212336470;S
20240426;100037;580.2;1;10212336679;B
20240426;100038;580.2;20;10212336731;B
20240426;100038;580.1;1;10212336893;S
20240426;100039;580.1;16;10212337021;S
20240426;100039;580.1;2;10212337025;S
20240426;100041;580.25;3;10212337342;B
20240426;100041;580.25;2;10212337393;B
20240426;100044;580.25;1;10212338018;B
20240426;100044;580.1;3;10212338110;S
20240426;100046;580.1;1;10212338622;S
20240426;100047;580.2;2;10212338905;B
20240426;100048;580.2;9;10212339009;B
20240426;100048;580.1;18;10212339119;S
20240426;100051;580.25;1;10212339698;B
20240426;100053;580.25;27;10212340028;B
20240426;100053;580.25;173;10212340029;B
20240426;100053;580.15;35;10212340041;S
20240426;100053;580.15;5;10212340082;S
20240426;100053;580.1;6;10212340083;S
20240426;100053;580.1;1;10212340189;S
20240426;100056;580.3;1;10212340782;B
20240426;100057;580.2;1;10212341006;S
20240426;100058;580.3;5;10212341343;B
20240426;100059;580.3;2;10212341592;B
20240426;100059;580.35;18;10212341593;B
20240426;100100;580.2;26;10212341730;S
20240426;100100;580.2;10;10212341788;S
20240426;100101;580.2;3;10212342019;S
20240426;100101;580.2;5;10212342024;S
20240426;100102;580.2;50;10212342110;S
20240426;100104;580.2;2;10212342722;S
20240426;100104;580.2;21;10212342755;S
20240426;100105;580.2;3;10212342971;S
20240426;100106;580.3;1;10212342995;B
20240426;100107;580.2;125;10212343196;S
20240426;100108;580.3;5;10212343276;B
20240426;100110;580.2;125;10212343661;S
20240426;100110;580.2;6;10212343739;S
20240426;100112;580.2;30;10212344018;S
20240426;100113;580.2;20;10212344106;S
20240426;100113;580.2;62;10212344113;S
20240426;100113;580.3;1;10212344157;B
20240426;100113;580.3;20;10212344245;B
20240426;100113;580.3;53;10212344246;B
20240426;100113;580.3;173;10212344247;B
20240426;100113;580.3;173;10212344248;B
20240426;100113;580.35;154;10212344249;B
20240426;100113;580.35;291;10212344250;B
20240426;100115;580.2;11;10212344402;S
20240426;100115;580.2;1;10212344403;S
20240426;100115;580.2;34;10212344404;S
20240426;100115;580.2;5;10212344405;S
20240426;100115;580.2;1;10212344406;S
20240426;100116;580.2;4;10212344745;S
20240426;100117;580.2;1;10212344912;S
20240426;100119;580.2;3;10212345201;S
20240426;100119;580.35;1;10212345299;B
20240426;100120;580.2;2;10212345340;S
20240426;100122;580.25;1;10212345949;B
20240426;100123;580.25;172;10212346194;B
20240426;100123;580.3;54;10212346195;B
20240426;100123;580.3;145;10212346196;B
20240426;100126;580.35;1;10212346834;B
20240426;100127;580.25;1;10212346957;S
20240426;100131;580.2;9;10212347937;S
20240426;100131;580.2;1;10212347938;S
20240426;100131;580.2;1;10212347939;S
20240426;100131;580.2;2;10212347940;S
20240426;100131;580.2;200;10212347941;S
20240426;100131;580.15;1;10212347942;S
20240426;100131;580.15;53;10212347943;S
20240426;100131;580.1;8;10212347944;S
20240426;100131;580.1;20;10212347945;S
20240426;100131;580.1;34;10212347946;S
20240426;100131;580.1;173;10212347947;S
20240426;100131;580.05;129;10212347948;S
20240426;100131;580.05;10;10212347949;S
20240426;100131;580.05;20;10212347950;S
20240426;100131;580.05;378;10212347951;S
20240426;100132;580.2;1;10212348070;B
20240426;100132;580.05;2;10212348134;S
20240426;100134;580.2;1;10212348430;B
20240426;100138;580.2;32;10212349242;B
20240426;100138;580.2;1;10212349243;B
20240426;100138;580.25;7;10212349244;B
20240426;100141;580.1;1;10212349618;S
20240426;100143;580.35;90;10212350168;B
20240426;100143;580.35;33;10212350169;B
20240426;100143;580.35;45;10212350170;B
20240426;100143;580.4;132;10212350171;B
20240426;100146;580.3;1;10212350547;S
20240426;100146;580.3;1;10212350548;S
20240426;100147;580.25;9;10212350638;S
20240426;100152;580.4;50;10212351345;B
20240426;100154;580.4;1;10212351647;B
20240426;100156;580.4;10;10212351856;B
20240426;100157;580.35;6;10212352083;S
20240426;100158;580.4;1;10212352160;B
20240426;100200;580.4;100;10212352473;B
20240426;100200;580.4;100;10212352474;B
20240426;100200;580.4;100;10212352475;B
20240426;100200;580.4;100;10212352476;B
20240426;100200;580.3;50;10212352545;S
20240426;100200;580.3;50;10212352546;S
20240426;100200;580.3;42;10212352547;S
20240426;100200;580.25;8;10212352548;S
20240426;100201;580.3;1;10212352706;B
20240426;100201;580.4;176;10212352821;B
20240426;100201;580.4;424;10212352822;B
20240426;100201;580.4;1;10212352901;B
20240426;100202;580.4;2;10212352978;B
20240426;100203;580.4;74;10212353053;B
20240426;100203;580.4;325;10212353054;B
20240426;100203;580.4;1;10212353153;B
20240426;100203;580.4;2;10212353154;B
20240426;100204;580.35;146;10212353229;S
20240426;100204;580.4;11;10212353273;B
20240426;100205;580.4;6;10212353410;B
20240426;100205;580.35;61;10212353451;S
20240426;100205;580.3;2;10212353452;S
20240426;100206;580.4;170;10212353511;B
20240426;100207;580.4;8;10212353655;B
20240426;100207;580.4;1;10212353721;B
20240426;100210;580.3;30;10212354097;S
20240426;100216;580.4;1;10212354905;B
20240426;100218;580.4;1;10212355285;B
20240426;100218;580.4;4;10212355286;B
20240426;100220;580.35;1;10212355637;S
20240426;100220;580.4;3;10212355684;B
20240426;100220;580.4;3;10212355693;B
20240426;100223;580.4;789;10212356244;B
20240426;100223;580.4;1;10212356408;B
20240426;100224;580.35;5;10212356468;S
20240426;100224;580.4;2;10212356610;B
20240426;100225;580.35;168;10212356697;S
20240426;100225;580.35;200;10212356698;S
20240426;100225;580.35;100;10212356699;S
20240426;100225;580.3;173;10212356700;S
20240426;100225;580.3;34;10212356701;S
20240426;100225;580.3;315;10212356702;S
20240426;100226;580.4;200;10212356847;B
20240426;100226;580.4;200;10212356848;B
20240426;100227;580.4;2;10212357040;B
20240426;100228;580.4;96;10212357333;B
20240426;100228;580.35;173;10212357345;S
20240426;100228;580.35;173;10212357346;S
20240426;100228;580.35;45;10212357347;S
20240426;100228;580.3;685;10212357348;S
20240426;100228;580.3;387;10212357349;S
20240426;100228;580.3;100;10212357350;S
20240426;100228;580.3;198;10212357351;B
20240426;100229;580.3;100;10212357402;B
20240426;100229;580.3;139;10212357403;B
20240426;100229;580.4;73;10212357507;B
20240426;100229;580.4;88;10212357508;B
20240426;100230;580.35;1;10212357637;B
20240426;100231;580.35;1;10212357803;B
20240426;100232;580.35;1;10212357892;B
20240426;100232;580.3;1;10212357915;S
20240426;100232;580.35;10;10212357973;B
20240426;100233;580.35;2;10212358003;B
20240426;100233;580.35;3;10212358126;B
20240426;100235;580.3;1;10212358396;S
20240426;100235;580.35;1;10212358433;B
20240426;100238;580.3;25;10212358793;S
20240426;100238;580.35;1;10212358868;B
20240426;100238;580.35;125;10212358876;B
20240426;100238;580.35;20;10212358877;B
20240426;100238;580.35;55;10212358881;S
20240426;100238;580.35;78;10212358882;S
20240426;100238;580.3;73;10212358883;S
20240426;100238;580.3;33;10212358884;S
20240426;100238;580.3;200;10212358885;S
20240426;100238;580.25;173;10212358886;S
20240426;100238;580.2;1;10212358887;S
20240426;100238;580.2;34;10212358888;S
20240426;100238;580.2;387;10212358889;S
20240426;100238;580.15;66;10212358890;S
20240426;100242;580.3;1;10212359552;B
20240426;100244;580.3;24;10212359809;B
20240426;100244;580.4;10;10212359831;B
20240426;100245;580.4;2;10212359836;B
20240426;100245;580.35;3;10212359843;S
20240426;100246;580.35;8;10212360069;S
20240426;100248;580.4;3;10212360315;B
20240426;100249;580.4;5;10212360398;B
20240426;100250;580.4;1;10212360513;B
20240426;100252;580.35;1;10212360782;S
20240426;100252;580.4;8;10212360887;B
20240426;100252;580.4;1;10212360934;B
20240426;100253;580.4;1;10212361007;B
20240426;100259;580.4;37;10212362072;B
20240426;100259;580.4;5;10212362153;B
20240426;100259;580.4;2;10212362225;B
20240426;100300;580.4;200;10212362431;B
20240426;100305;580.4;1;10212363484;B
20240426;100306;580.4;55;10212363649;B
20240426;100307;580.35;6;10212364338;S
20240426;100308;580.4;1309;10212364517;B
20240426;100308;580.4;121;10212364518;B
20240426;100308;580.4;151;10212364519;B
20240426;100308;580.4;80;10212364520;B
20240426;100308;580.4;1;10212364521;B
20240426;100308;580.4;173;10212364522;B
20240426;100308;580.4;12;10212364523;B
20240426;100310;580.4;28;10212364852;S
20240426;100311;580.45;2;10212365050;B
20240426;100312;580.45;6;10212365138;B
20240426;100312;580.5;6;10212365139;B
20240426;100313;580.45;94;10212365289;S
20240426;100313;580.4;173;10212365290;S
20240426;100313;580.4;200;10212365291;S
20240426;100313;580.35;1;10212365447;S
20240426;100314;580.4;1;10212365676;B
20240426;100315;580.4;120;10212365784;B
20240426;100318;580.35;1;10212366429;S
20240426;100318;580.35;100;10212366430;S
20240426;100318;580.35;99;10212366590;B
20240426;100318;580.4;1;10212366591;B
20240426;100319;580.4;84;10212366636;B
20240426;100319;580.4;10;10212366644;B
20240426;100319;580.4;2;10212366722;B
20240426;100320;580.4;55;10212366806;B
20240426;100322;580.4;150;10212367094;B
20240426;100326;580.4;1;10212367822;B
20240426;100326;580.4;2;10212367835;B
20240426;100327;580.4;50;10212367910;B
20240426;100328;580.35;173;10212368032;S
20240426;100328;580.35;64;10212368033;S
20240426;100328;580.3;411;10212368034;S
20240426;100328;580.3;1;10212368035;S
20240426;100328;580.3;173;10212368036;S
20240426;100331;580.3;5;10212368388;B
20240426;100331;580.3;173;10212368495;B
20240426;100331;580.35;37;10212368496;B
20240426;100331;580.4;90;10212368497;B
20240426;100335;580.2;1;10212369184;S
20240426;100335;580.2;3;10212369185;S
20240426;100337;580.25;30;10212369758;S
20240426;100338;580.35;1;10212369800;B
20240426;100340;580.35;8;10212370297;B
20240426;100341;580.25;80;10212370395;S
20240426;100342;580.35;2;10212370439;B
20240426;100346;580.35;2;10212371241;B
20240426;100347;580.35;1;10212371450;B
20240426;100347;580.4;9;10212371451;B
20240426;100356;580.25;2;10212372979;S
20240426;100357;580.35;50;10212373005;B
20240426;100357;580.4;82;10212373006;B
20240426;100357;580.4;3;10212373007;B
20240426;100357;580.45;65;10212373008;B
20240426;100357;580.5;1;10212373025;B
20240426;100357;580.5;1;10212373026;B
20240426;100357;580.5;1;10212373027;B
20240426;100357;580.5;37;10212373028;B
20240426;100357;580.5;1;10212373077;B
20240426;100358;580.5;13;10212373120;B
20240426;100358;580.35;1;10212373202;S
20240426;100401;580.5;12;10212373795;B
20240426;100402;580.5;5;10212374159;B
20240426;100402;580.5;1;10212374262;B
20240426;100402;580.5;2;10212374290;B
20240426;100404;580.35;147;10212374479;S
20240426;100408;580.5;200;10212375077;B
20240426;100412;580.5;25;10212375692;B
20240426;100417;580.35;2;10212376369;S
20240426;100418;580.35;5;10212376498;S
20240426;100421;580.45;86;10212376904;B
20240426;100421;580.5;64;10212376905;B
20240426;100426;580.5;40;10212377467;B
20240426;100426;580.5;47;10212377468;B
20240426;100429;580.5;10;10212377921;B
20240426;100429;580.5;25;10212377922;B
20240426;100429;580.5;90;10212377923;B
20240426;100430;580.5;2;10212378091;B
20240426;100435;580.5;3;10212378797;B
20240426;100437;580.5;1;10212379111;B
20240426;100438;580.5;1;10212379193;B
20240426;100439;580.4;300;10212379284;S
20240426;100442;580.5;1;10212379568;B
20240426;100445;580.5;10;10212379962;B
20240426;100448;580.4;3;10212380455;S
20240426;100449;580.4;200;10212380574;S
20240426;100449;580.4;81;10212380665;S
20240426;100450;580.5;2;10212380695;B
20240426;100453;580.5;1;10212381116;B
20240426;100455;580.4;6;10212381326;S
20240426;100456;580.4;4;10212381452;S
20240426;100456;580.45;2;10212381533;B
20240426;100456;580.45;4;10212381572;B
20240426;100457;580.45;1;10212381659;B
20240426;100458;580.45;1;10212381754;B
20240426;100459;580.45;5;10212381884;B
20240426;100502;580.4;9;10212382322;S
20240426;100502;580.4;5;10212382323;S
20240426;100502;580.35;700;10212382324;S
20240426;100502;580.35;5;10212382325;S
20240426;100502;580.35;1;10212382326;S
20240426;100502;580.35;1;10212382327;S
20240426;100502;580.35;7;10212382355;B
20240426;100504;580.35;1;10212382616;B
20240426;100505;580.35;1;10212382750;B
20240426;100506;580.35;1;10212382823;B
20240426;100510;580.3;9;10212383366;S
20240426;100511;580.35;1;10212383404;B
20240426;100511;580.3;1;10212383516;S
20240426;100512;580.35;14;10212383644;B
20240426;100514;580.35;4;10212383989;B
20240426;100515;580.35;1;10212384015;B
20240426;100515;580.35;30;10212384077;B
20240426;100516;580.3;1;10212384214;S
20240426;100518;580.3;15;10212384527;S
20240426;100518;580.3;1;10212384579;S
20240426;100519;580.35;50;10212384690;B
20240426;100520;580.3;50;10212384835;S
20240426;100520;580.3;100;10212384836;S
20240426;100523;580.35;15;10212385327;B
20240426;100525;580.35;1;10212385650;B
20240426;100525;580.35;1;10212385654;B
20240426;100527;580.35;3;10212386105;B
20240426;100527;580.3;1;10212386106;S
20240426;100528;580.35;2;10212386346;B
20240426;100530;580.35;1;10212386717;B
20240426;100530;580.35;9;10212386718;B
20240426;100531;580.4;1;10212386734;B
20240426;100532;580.3;20;10212387044;S
20240426;100532;580.25;32;10212387045;S
20240426;100533;580.15;34;10212387300;S
20240426;100533;580.15;10;10212387301;S
20240426;100533;580.1;51;10212387302;S
20240426;100533;580.1;98;10212387303;S
20240426;100533;580.1;7;10212387304;S
20240426;100534;580.1;63;10212387340;S
20240426;100534;580.2;2;10212387356;B
20240426;100535;580.1;53;10212387574;B
20240426;100539;580.1;2;10212388142;B
20240426;100539;580.1;20;10212388147;B
20240426;100539;580.1;1;10212388169;B
20240426;100540;580.05;172;10212388239;S
20240426;100541;580.05;80;10212388404;B
20240426;100544;580.05;1;10212388840;B
20240426;100549;580.05;4;10212389415;B
20240426;100551;580.05;10;10212389839;B
20240426;100552;580.05;1;10212389907;B
20240426;100552;580.05;1;10212389974;B
20240426;100553;580;1;10212390125;S
20240426;100553;580;10;10212390126;S
20240426;100553;580;63;10212390127;S
20240426;100553;580;12;10212390128;S
20240426;100553;580;7;10212390129;S
20240426;100553;580;7;10212390130;S
20240426;100554;580;165;10212390204;S
20240426;100554;580;25;10212390205;S
20240426;100554;580;10;10212390206;S
20240426;100554;580;100;10212390207;S
20240426;100554;580.05;1;10212390222;B
20240426;100554;580;2;10212390250;S
20240426;100554;580;61;10212390283;S
20240426;100554;580;1;10212390284;S
20240426;100555;579.95;4;10212390365;B
20240426;100557;579.9;1;10212390774;S
20240426;100602;579.95;50;10212391343;B
20240426;100603;579.95;2;10212391500;B
20240426;100604;579.9;2;10212391597;S
20240426;100604;579.9;17;10212391670;S
20240426;100604;579.9;5;10212391671;S
20240426;100604;579.9;1;10212391672;S
20240426;100604;579.9;5;10212391673;S
20240426;100604;579.9;100;10212391674;S
20240426;100604;579.9;3;10212391675;S
20240426;100604;579.9;15;10212391676;S
20240426;100604;579.9;157;10212391699;S
20240426;100604;579.85;30;10212391740;S
20240426;100604;579.85;15;10212391741;S
20240426;100607;579.9;1;10212392139;B
20240426;100609;579.85;1;10212392485;S
20240426;100609;579.9;80;10212392501;B
20240426;100611;579.85;2;10212392771;S
20240426;100612;579.85;22;10212392858;S
20240426;100612;579.85;10;10212392859;S
20240426;100612;579.85;30;10212392860;S
20240426;100612;579.85;50;10212392861;S
20240426;100612;579.85;172;10212392862;S
20240426;100612;579.8;15;10212392863;S
20240426;100612;579.8;2;10212392864;S
20240426;100612;579.8;2;10212392865;S
20240426;100612;579.8;1;10212392866;S
20240426;100612;579.8;1;10212392867;S
20240426;100612;579.8;1;10212392868;S
20240426;100612;579.8;1;10212392869;S
20240426;100612;579.8;3;10212392870;S
20240426;100612;579.8;1;10212392871;S
20240426;100612;579.8;1;10212392872;S
20240426;100612;579.8;2;10212392873;S
20240426;100612;579.8;1;10212392874;S
20240426;100612;579.8;5;10212392875;S
20240426;100612;579.8;1;10212392876;S
20240426;100612;579.8;1;10212392877;S
20240426;100612;579.8;1;10212392878;S
20240426;100612;579.8;1;10212392879;S
20240426;100612;579.8;1;10212392880;S
20240426;100612;579.8;1;10212392881;S
20240426;100612;579.8;2;10212392882;S
20240426;100612;579.8;10;10212392883;S
20240426;100612;579.8;5;10212392884;S
20240426;100612;579.8;2;10212392885;S
20240426;100612;579.8;1;10212392886;S
20240426;100612;579.8;1;10212392887;S
20240426;100612;579.8;1;10212392888;S
20240426;100612;579.8;1;10212392889;S
20240426;100612;579.8;1;10212392890;S
20240426;100612;579.8;3;10212392891;S
20240426;100612;579.8;2;10212392892;S
20240426;100612;579.8;4;10212392893;S
20240426;100612;579.8;1;10212392894;S
20240426;100612;579.8;1;10212392895;S
20240426;100612;579.8;7;10212392896;S
20240426;100612;579.8;1;10212392897;S
20240426;100612;579.8;1;10212392898;S
20240426;100612;579.8;1;10212392899;S
20240426;100612;579.8;1;10212392900;S
20240426;100612;579.8;1;10212392901;S
20240426;100612;579.8;2;10212392902;S
20240426;100612;579.8;1;10212392903;S
20240426;100612;579.8;2000;10212392904;S
20240426;100612;579.8;2000;10212392905;S
20240426;100612;579.8;2000;10212392906;S
20240426;100612;579.8;3;10212392907;S
20240426;100612;579.8;10;10212392908;S
20240426;100612;579.8;500;10212392909;S
20240426;100612;579.8;5;10212392910;S
20240426;100612;579.8;1;10212392911;S
20240426;100612;579.8;2;10212392912;S
20240426;100612;579.8;172;10212392913;S
20240426;100612;579.8;352;10212392914;S
20240426;100612;579.75;1;10212392915;S
20240426;100612;579.75;34;10212392916;S
20240426;100612;579.75;172;10212392917;S
20240426;100612;579.75;86;10212392918;S
20240426;100612;579.7;3;10212392919;S
20240426;100612;579.7;60;10212392920;S
20240426;100612;579.75;16;10212392921;B
20240426;100612;579.65;100;10212392922;S
20240426;100613;579.6;6;10212393052;S
20240426;100613;579.6;446;10212393053;S
20240426;100613;579.7;2;10212393126;B
20240426;100613;579.6;62;10212393151;S
20240426;100613;579.55;38;10212393152;S
20240426;100616;579.6;10;10212393505;B
20240426;100616;579.55;20;10212393508;S
20240426;100617;579.6;3;10212393697;B
20240426;100617;579.6;4;10212393745;B
20240426;100618;579.6;1;10212393900;B
20240426;100619;579.6;1;10212393958;B
20240426;100623;579.55;2;10212394500;S
20240426;100623;579.55;40;10212394501;S
20240426;100626;579.5;87;10212394964;S
20240426;100626;579.5;1;10212394965;S
20240426;100626;579.5;5;10212394966;S
20240426;100626;579.5;1;10212394967;S
20240426;100626;579.5;123;10212394968;S
20240426;100626;579.45;7;10212394969;S
20240426;100627;579.4;20;10212395232;S
20240426;100627;579.4;1;10212395233;S
20240426;100628;579.35;2;10212395373;S
20240426;100630;579.3;1;10212395524;B
20240426;100630;579.25;1;10212395646;S
20240426;100630;579.25;1;10212395647;S
20240426;100633;579.3;50;10212396078;B
20240426;100633;579.3;10;10212396131;B
20240426;100633;579.25;2;10212396135;S
20240426;100633;579.25;4;10212396136;S
20240426;100634;579.25;1;10212396243;S
20240426;100635;579.25;2;10212396471;S
20240426;100635;579.3;1;10212396489;B
20240426;100636;579.25;1;10212396582;S
20240426;100637;579.3;24;10212396719;B
20240426;100637;579.3;66;10212396755;S
20240426;100638;579.25;7;10212396933;S
20240426;100639;579.3;1;10212397098;B
20240426;100639;579.3;7;10212397129;B
20240426;100639;579.3;2;10212397131;B
20240426;100640;579.25;2;10212397155;S
20240426;100640;579.2;248;10212397156;S
20240426;100640;579.25;1;10212397203;B
20240426;100641;579.2;1;10212397360;B
20240426;100643;579.2;1;10212397949;B
20240426;100643;579.15;1;10212397950;S
20240426;100643;579.15;172;10212397951;S
20240426;100643;579.15;154;10212397952;S
20240426;100643;579.15;200;10212397953;S
20240426;100643;579.05;4;10212397989;S
20240426;100643;579.1;42;10212398094;S
20240426;100643;579.15;1;10212398102;B
20240426;100646;579.05;7;10212398445;S
20240426;100647;579;1;10212398596;S
20240426;100647;579;1;10212398597;S
20240426;100647;579;10;10212398598;S
20240426;100647;579;407;10212398599;S
20240426;100647;579;10;10212398600;S
20240426;100647;579;20;10212398601;S
20240426;100647;579;10;10212398602;S
20240426;100647;579;7;10212398603;S
20240426;100647;579;1;10212398604;S
20240426;100647;579;1;10212398605;S
20240426;100647;579;8;10212398606;S
20240426;100647;579;2;10212398607;S
20240426;100647;579;39;10212398608;S
20240426;100647;579;53;10212398609;S
20240426;100647;579;1;10212398610;S
20240426;100647;579;1;10212398611;S
20240426;100647;579;1;10212398612;S
20240426;100649;579;1;10212399009;S
20240426;100649;579;15;10212399010;S
20240426;100650;579;32;10212399048;S
20240426;100650;579;75;10212399049;S
20240426;100650;579;77;10212399050;S
20240426;100650;579;1;10212399051;S
20240426;100651;579;1;10212399276;B
20240426;100653;578.95;1;10212399644;S
20240426;100653;579;1;10212399653;B
20240426;100654;578.95;2;10212399705;S
20240426;100654;579;2;10212399724;B
20240426;100654;578.95;12;10212399785;S
20240426;100654;578.95;1;10212399786;S
20240426;100654;578.95;3;10212399787;S
20240426;100654;578.95;1;10212399789;S
20240426;100654;578.95;5;10212399790;S
20240426;100654;578.95;15;10212399855;S
20240426;100654;578.95;30;10212399856;S
20240426;100654;578.95;58;10212399899;S
20240426;100654;578.95;12;10212399900;S
20240426;100654;578.9;100;10212399901;S
20240426;100654;578.9;18;10212399903;S
20240426;100655;578.9;54;10212399991;S
20240426;100655;578.9;77;10212399992;S
20240426;100655;578.9;9;10212399993;S
20240426;100655;578.9;5;10212399994;S
20240426;100658;578.85;1;10212400507;S
20240426;100700;578.85;3;10212401214;S
20240426;100700;578.85;140;10212401306;S
20240426;100700;578.85;3;10212401307;S
20240426;100700;578.85;17;10212401308;S
20240426;100700;578.85;1;10212401329;S
20240426;100701;578.85;1;10212401386;S
20240426;100701;578.85;2;10212401387;S
20240426;100701;578.85;4;10212401388;S
20240426;100701;578.85;10;10212401389;S
20240426;100701;578.85;163;10212401390;S
20240426;100701;578.85;1;10212401496;S
20240426;100701;578.85;1;10212401497;S
20240426;100701;578.85;4;10212401498;S
20240426;100701;578.85;69;10212401499;S
20240426;100701;578.85;3;10212401500;S
20240426;100701;578.9;59;10212401569;B
20240426;100701;578.8;75;10212401571;S
20240426;100703;578.85;2;10212401750;B
20240426;100703;578.8;97;10212401778;S
20240426;100703;578.75;18;10212401779;S
20240426;100704;578.85;1;10212401890;B
20240426;100705;578.8;19;10212402094;S
20240426;100706;578.85;70;10212402255;B
20240426;100707;578.8;153;10212402438;S
20240426;100707;578.75;147;10212402439;S
20240426;100707;578.75;1;10212402440;S
20240426;100707;578.75;172;10212402441;S
20240426;100707;578.75;66;10212402442;S
20240426;100707;578.75;10;10212402443;S
20240426;100707;578.7;172;10212402444;S
20240426;100707;578.7;76;10212402445;S
20240426;100707;578.65;19;10212402446;S
20240426;100707;578.65;34;10212402447;S
20240426;100707;578.65;2;10212402448;S
20240426;100707;578.6;1;10212402449;S
20240426;100707;578.6;2;10212402450;S
20240426;100707;578.6;200;10212402451;S
20240426;100707;578.6;100;10212402452;S
20240426;100707;578.6;204;10212402453;S
20240426;100707;578.7;86;10212402457;B
20240426;100708;578.65;2;10212402482;S
20240426;100708;578.7;87;10212402485;B
20240426;100708;578.7;1;10212402487;S
20240426;100708;578.75;1;10212402499;B
20240426;100708;578.75;75;10212402553;B
20240426;100708;578.75;75;10212402554;B
20240426;100709;578.8;1;10212402680;B
20240426;100711;578.8;5;10212402941;B
20240426;100712;578.8;50;10212403090;B
20240426;100713;578.8;1;10212403121;B
20240426;100713;578.8;10;10212403126;B
20240426;100713;578.75;5;10212403132;S
20240426;100714;578.8;10;10212403244;B
20240426;100717;578.75;167;10212403758;S
20240426;100717;578.75;27;10212403779;B
20240426;100718;578.75;6;10212403857;B
20240426;100718;578.7;40;10212403891;S
20240426;100718;578.7;172;10212403892;S
20240426;100718;578.7;5;10212403893;S
20240426;100718;578.7;3;10212403894;S
20240426;100718;578.65;44;10212403895;S
20240426;100719;578.75;4;10212404180;B
20240426;100722;578.75;1;10212404543;B
20240426;100723;578.75;1;10212404645;B
20240426;100723;578.65;2;10212404646;S
20240426;100724;578.75;1;10212404913;B
20240426;100726;578.75;50;10212405149;B
20240426;100727;578.75;1;10212405232;B
20240426;100728;578.7;2;10212405362;S
20240426;100729;578.75;1;10212405524;B
20240426;100730;578.75;1;10212405558;B
20240426;100731;578.7;1;10212405692;S
20240426;100733;578.7;3;10212405969;S
20240426;100734;578.75;2;10212406236;B
20240426;100735;578.7;5;10212406295;S
20240426;100736;578.75;93;10212406476;B
20240426;100736;578.7;1;10212406530;S
20240426;100736;578.75;2;10212406538;B
20240426;100737;578.7;163;10212406640;S
20240426;100737;578.7;4;10212406641;S
20240426;100737;578.7;700;10212406642;S
20240426;100737;578.65;124;10212406643;S
20240426;100737;578.65;17;10212406644;S
20240426;100737;578.7;73;10212406645;B
20240426;100737;578.7;6;10212406656;S
20240426;100738;578.75;2;10212406798;B
20240426;100738;578.75;158;10212406799;B
20240426;100738;578.75;2;10212406815;B
20240426;100738;578.75;98;10212406831;B
20240426;100738;578.75;74;10212406832;B
20240426;100739;578.7;8;10212407013;S
20240426;100740;578.7;4;10212407158;S
20240426;100741;578.75;15;10212407270;B
20240426;100741;578.7;1;10212407300;S
20240426;100742;578.75;2;10212407463;B
20240426;100744;578.75;1;10212407871;B
20240426;100745;578.75;52;10212407931;B
20240426;100745;578.75;108;10212407932;B
20240426;100745;578.7;1;10212407969;S
20240426;100746;578.7;3;10212408072;S
20240426;100747;578.75;2;10212408085;B
20240426;100748;578.75;10;10212408180;B
20240426;100749;578.75;2;10212408364;B
20240426;100750;578.75;2;10212408474;B
20240426;100750;578.7;6;10212408527;S
20240426;100752;578.75;6;10212408722;B
20240426;100754;578.75;4;10212409126;B
20240426;100757;578.75;1;10212409599;B
20240426;100757;578.75;4;10212409700;B
20240426;100758;578.7;5;10212409736;S
20240426;100758;578.75;226;10212409787;B
20240426;100758;578.75;205;10212409788;B
20240426;100758;578.75;20;10212409789;B
20240426;100758;578.8;20;10212409790;B
20240426;100758;578.8;1;10212409791;B
20240426;100758;578.85;261;10212409792;B
20240426;100758;578.85;1;10212409793;B
20240426;100758;578.85;34;10212409794;B
20240426;100758;578.9;100;10212409795;B
20240426;100758;578.9;173;10212409796;B
20240426;100758;578.95;5;10212409797;B
20240426;100758;579;18;10212409798;B
20240426;100758;579;5;10212409799;B
20240426;100758;579.05;1000;10212409800;B
20240426;100758;579.1;1000;10212409801;B
20240426;100758;579.15;3;10212409802;B
20240426;100758;579.15;388;10212409803;B
20240426;100758;579.25;500;10212409804;B
20240426;100758;579.3;160;10212409805;B
20240426;100758;579.35;10;10212409806;B
20240426;100758;579.35;172;10212409807;B
20240426;100758;579.4;198;10212409808;B
20240426;100759;579.5;2;10212409986;S
20240426;100800;579.55;1;10212410078;B
20240426;100800;579.55;1;10212410127;B
20240426;100801;579.55;2;10212410205;B
20240426;100804;579.55;1;10212410653;B
20240426;100804;579.5;147;10212410655;S
20240426;100805;579.5;8;10212410709;S
20240426;100810;579.55;2;10212411442;B
20240426;100812;579.55;1;10212411600;B
20240426;100812;579.55;9;10212411613;B
20240426;100812;579.55;1;10212411614;B
20240426;100812;579.5;360;10212411621;S
20240426;100814;579.55;4;10212411727;B
20240426;100814;579.55;1;10212411734;B
20240426;100816;579.5;2;10212412064;S
20240426;100817;579.5;2;10212412150;S
20240426;100819;579.55;80;10212412307;B
20240426;100821;579.55;13;10212412621;B
20240426;100825;579.5;1;10212413085;S
20240426;100828;579.55;1;10212413419;B
20240426;100828;579.55;2;10212413420;B
20240426;100828;579.55;7;10212413421;B
20240426;100828;579.55;6;10212413476;B
20240426;100830;579.6;1;10212413636;B
20240426;100830;579.6;38;10212413637;B
20240426;100830;579.6;21;10212413638;B
20240426;100831;579.6;50;10212413760;S
20240426;100832;579.6;7;10212413853;S
20240426;100832;579.6;128;10212413926;S
20240426;100832;579.6;52;10212413927;S
20240426;100832;579.6;1;10212413928;B
20240426;100834;579.6;2;10212414085;B
20240426;100840;579.6;1;10212414974;B
20240426;100840;579.6;1;10212415027;B
20240426;100841;579.6;1;10212415054;B
20240426;100842;579.6;160;10212415140;B
20240426;100842;579.65;140;10212415141;B
20240426;100842;579.6;3;10212415143;B
20240426;100844;579.6;2;10212415506;S
20240426;100846;579.65;1;10212415768;B
20240426;100846;579.65;8;10212415769;B
20240426;100850;579.65;2;10212416273;B
20240426;100851;579.6;9;10212416319;S
20240426;100852;579.6;1;10212416381;S
20240426;100855;579.65;10;10212416616;B
20240426;100855;579.65;26;10212416629;B
20240426;100856;579.6;1;10212416697;S
20240426;100856;579.6;1;10212416698;S
20240426;100856;579.65;1;10212416732;B
20240426;100859;579.6;4;10212416993;S
20240426;100901;579.65;17;10212417166;B
20240426;100901;579.65;2;10212417169;B
20240426;100903;579.65;2;10212417441;B
20240426;100904;579.6;1;10212417521;S
20240426;100905;579.7;2;10212417757;B
20240426;100908;579.7;3;10212418022;S
20240426;100912;579.75;1;10212418455;B
20240426;100912;579.75;2;10212418456;B
20240426;100915;579.7;21;10212418870;S
20240426;100916;579.7;11;10212418987;S
20240426;100916;579.7;1;10212419005;S
20240426;100917;579.75;3;10212419150;B
20240426;100917;579.75;2;10212419151;B
20240426;100917;579.75;1;10212419154;B
20240426;100918;579.75;1;10212419274;B
20240426;100921;579.7;6;10212419475;S
20240426;100922;579.7;2;10212419568;S
20240426;100923;579.75;1;10212419593;B
20240426;100924;579.7;10;10212419668;S
20240426;100924;579.75;1;10212419683;B
20240426;100927;579.7;1;10212419974;S
20240426;100929;579.75;1;10212420175;B
20240426;100931;579.75;1;10212420374;B
20240426;100932;579.75;2;10212420419;B
20240426;100933;579.75;2;10212420621;B
20240426;100934;579.75;1;10212420724;B
20240426;100935;579.75;300;10212420921;B
20240426;100935;579.75;1;10212420944;B
20240426;100936;579.75;10;10212421048;B
20240426;100937;579.7;2;10212421188;S
20240426;100942;579.7;10;10212421640;S
20240426;100942;579.7;9;10212421641;S
20240426;100942;579.7;1;10212421642;S
20240426;100943;579.75;1;10212421709;B
20240426;100944;579.7;2;10212421790;S
20240426;100945;579.75;10;10212421905;B
20240426;100946;579.75;50;10212421915;B
20240426;100947;579.65;10;10212422110;S
20240426;100948;579.65;1;10212422147;S
20240426;100949;579.75;2;10212422263;B
20240426;100952;579.65;1;10212422601;S
20240426;100953;579.7;9;10212422775;S
20240426;100957;579.75;3;10212423160;B
20240426;100958;579.7;1;10212423213;S
20240426;100958;579.7;7;10212423214;S
20240426;101001;579.75;1;10212423467;B
20240426;101001;579.75;20;10212423502;B
20240426;101001;579.75;2;10212423524;B
20240426;101004;579.65;1;10212423853;S
20240426;101005;579.65;1;10212423873;B
20240426;101005;579.6;1;10212423922;S
20240426;101005;579.65;29;10212423924;B
20240426;101005;579.6;1;10212423932;S
20240426;101005;579.6;4;10212423933;S
20240426;101005;579.6;69;10212423962;B
20240426;101007;579.65;1;10212424112;B
20240426;101011;579.6;1;10212424522;S
20240426;101011;579.6;69;10212424566;B
20240426;101012;579.65;12;10212424584;B
20240426;101012;579.65;2;10212424598;B
20240426;101012;579.65;1;10212424600;B
20240426;101014;579.65;2;10212424788;B
20240426;101017;579.65;97;10212425109;B
20240426;101017;579.65;12;10212425110;B
20240426;101017;579.65;388;10212425111;B
20240426;101017;579.65;100;10212425112;B
20240426;101017;579.7;69;10212425113;B
20240426;101017;579.7;3;10212425114;B
20240426;101017;579.75;74;10212425115;B
20240426;101017;579.75;11;10212425116;B
20240426;101017;579.75;4;10212425117;B
20240426;101017;579.75;172;10212425118;B
20240426;101017;579.8;70;10212425119;B
20240426;101017;579.8;172;10212425120;B
20240426;101017;579.8;32;10212425121;B
20240426;101017;579.8;173;10212425122;B
20240426;101017;579.85;172;10212425123;B
20240426;101017;579.85;451;10212425124;B
20240426;101017;579.8;172;10212425125;S
20240426;101017;579.8;328;10212425126;S
20240426;101019;579.8;7;10212425316;B
20240426;101019;579.7;1;10212425376;S
20240426;101020;579.85;3;10212425432;B
20240426;101020;579.7;1;10212425464;S
20240426;101025;579.85;2;10212426003;B
20240426;101026;579.8;5;10212426049;S
20240426;101026;579.8;173;10212426093;B
20240426;101028;579.85;1;10212426263;B
20240426;101035;579.85;5;10212427006;B
20240426;101036;579.85;1;10212427217;B
20240426;101037;579.85;1;10212427296;B
20240426;101038;579.85;1;10212427477;B
20240426;101042;579.8;1;10212427902;S
20240426;101045;579.85;2;10212428232;B
20240426;101046;579.8;6;10212428291;S
20240426;101046;579.8;5;10212428292;S
20240426;101046;579.8;5;10212428299;B
20240426;101054;579.8;1;10212429025;B
20240426;101055;579.8;1;10212429104;B
20240426;101102;579.8;1;10212429719;B
20240426;101106;579.8;170;10212430233;B
20240426;101106;579.8;174;10212430234;B
20240426;101111;579.7;1;10212430678;S
20240426;101111;579.75;80;10212430699;B
20240426;101111;579.75;100;10212430700;B
20240426;101111;579.75;19;10212430701;B
20240426;101111;579.8;2;10212430702;B
20240426;101111;579.8;388;10212430703;B
20240426;101111;579.8;3;10212430704;B
20240426;101112;579.85;50;10212430764;B
20240426;101113;579.85;1;10212430897;B
20240426;101115;579.85;105;10212431072;B
20240426;101115;579.85;28;10212431073;B
20240426;101115;579.85;1;10212431191;B
20240426;101118;579.8;3;10212431475;S
20240426;101128;579.8;10;10212432365;B
20240426;101129;579.8;2;10212432465;B
20240426;101133;579.75;1;10212432936;B
20240426;101133;579.75;1;10212433023;B
20240426;101135;579.75;2;10212433190;B
20240426;101137;579.75;168;10212433468;B
20240426;101137;579.75;4;10212433469;B
20240426;101137;579.7;1;10212433472;S
20240426;101137;579.7;239;10212433473;S
20240426;101137;579.7;172;10212433500;B
20240426;101137;579.7;173;10212433501;B
20240426;101137;579.7;155;10212433502;B
20240426;101137;579.7;172;10212433539;B
20240426;101137;579.7;173;10212433540;B
20240426;101138;579.7;208;10212433565;B
20240426;101138;579.7;173;10212433566;B
20240426;101138;579.65;2;10212433576;S
20240426;101138;579.65;17;10212433577;S
20240426;101140;579.7;20;10212433795;S
20240426;101142;579.75;2;10212433903;B
20240426;101142;579.75;2;10212433928;B
20240426;101143;579.75;10;10212434025;B
20240426;101143;579.75;8;10212434057;B
20240426;101145;579.75;1;10212434225;B
20240426;101146;579.7;10;10212434346;S
20240426;101146;579.7;90;10212434347;S
20240426;101152;579.75;1;10212434931;B
20240426;101158;579.7;5;10212435568;S
20240426;101159;579.7;4;10212435675;S
20240426;101202;579.7;1;10212436095;S
20240426;101204;579.7;95;10212436193;S
20240426;101204;579.7;52;10212436194;S
20240426;101205;579.7;4;10212436288;S
20240426;101205;579.7;6;10212436289;S
20240426;101207;579.7;1;10212436502;S
20240426;101208;579.75;1;10212436575;B
20240426;101208;579.75;71;10212436689;B
20240426;101212;579.7;1;10212437096;S
20240426;101212;579.7;8;10212437097;S
20240426;101213;579.7;211;10212437167;S
20240426;101217;579.75;2;10212437558;B
20240426;101219;579.7;9;10212437719;S
20240426;101219;579.75;3;10212437723;B
20240426;101221;579.75;1;10212437930;B
20240426;101221;579.7;1;10212438000;S
20240426;101222;579.7;2;10212438051;S
20240426;101223;579.75;21;10212438214;B
20240426;101231;579.75;3;10212439155;B
20240426;101237;579.75;5;10212439726;B
20240426;101237;579.75;4;10212439832;B
20240426;101238;579.75;62;10212439997;B
20240426;101238;579.75;9;10212439998;B
20240426;101238;579.75;1;10212439999;B
20240426;101238;579.75;172;10212440000;B
20240426;101239;579.75;1;10212440024;S
20240426;101239;579.75;66;10212440059;S
20240426;101239;579.75;134;10212440060;S
20240426;101240;579.8;1;10212440217;B
20240426;101241;579.75;5;10212440270;S
20240426;101241;579.75;1;10212440287;S
20240426;101242;579.75;25;10212440392;S
20240426;101242;579.8;171;10212440393;B
20240426;101242;579.8;473;10212440394;B
20240426;101242;579.8;70;10212440395;B
20240426;101242;579.8;1;10212440396;B
20240426;101242;579.8;1;10212440476;B
20240426;101242;579.8;1;10212440477;B
20240426;101242;579.75;90;10212440487;S
20240426;101242;579.75;68;10212440488;S
20240426;101242;579.75;42;10212440489;S
20240426;101242;579.8;1;10212440490;B
20240426;101242;579.8;1;10212440491;B
20240426;101242;579.7;13;10212440492;B
20240426;101242;579.7;4;10212440493;B
20240426;101243;579.7;40;10212440574;B
20240426;101243;579.65;1;10212440587;S
20240426;101243;579.65;20;10212440588;S
20240426;101243;579.65;4;10212440589;S
20240426;101245;579.65;2;10212440710;S
20240426;101246;579.7;10;10212440788;B
20240426;101246;579.7;2;10212440801;B
20240426;101246;579.65;1;10212440837;S
20240426;101247;579.7;25;10212440866;B
20240426;101250;579.7;6;10212441139;B
20240426;101250;579.7;12;10212441140;B
20240426;101250;579.7;1;10212441177;S
20240426;101253;579.75;2;10212441411;B
20240426;101254;579.75;1;10212441505;B
20240426;101259;579.75;2;10212441912;B
20240426;101300;579.75;1;10212442045;B
20240426;101300;579.7;8;10212442104;S
20240426;101303;579.7;138;10212442426;S
20240426;101303;579.7;8;10212442508;S
20240426;101304;579.7;7;10212442519;S
20240426;101310;579.7;4;10212443260;S
20240426;101312;579.75;2;10212443398;B
20240426;101312;579.75;2;10212443443;B
20240426;101312;579.75;1;10212443452;B
20240426;101313;579.7;7;10212443556;S
20240426;101313;579.7;68;10212443557;S
20240426;101313;579.65;95;10212443558;S
20240426;101316;579.75;5;10212443827;B
20240426;101316;579.75;9;10212443851;B
20240426;101316;579.75;1;10212443852;B
20240426;101318;579.8;13;10212443962;B
20240426;101318;579.8;2;10212443974;B
20240426;101318;579.8;2;10212443994;B
20240426;101320;579.8;1;10212444178;B
20240426;101321;579.8;1;10212444262;B
20240426;101321;579.75;95;10212444277;S
20240426;101322;579.8;2;10212444490;B
20240426;101326;579.8;1;10212445066;B
20240426;101327;579.8;1;10212445148;B
20240426;101328;579.75;1;10212445262;S
20240426;101331;579.8;5;10212445609;B
20240426;101337;579.75;1;10212446081;S
20240426;101337;579.8;1;10212446106;B
20240426;101337;579.8;300;10212446107;B
20240426;101338;579.8;1;10212446181;B
20240426;101340;579.75;3;10212446265;S
20240426;101340;579.75;10;10212446270;S
20240426;101340;579.75;5;10212446290;S
20240426;101342;579.8;1;10212446445;B
20240426;101342;579.75;3;10212446446;S
20240426;101342;579.8;190;10212446492;B
20240426;101343;579.75;175;10212446528;S
20240426;101343;579.75;71;10212446529;S
20240426;101343;579.75;388;10212446551;B
20240426;101343;579.75;112;10212446552;B
20240426;101343;579.8;1;10212446605;B
20240426;101350;579.8;24;10212447223;B
20240426;101354;579.8;332;10212447548;B
20240426;101356;579.75;8;10212447764;S
20240426;101357;579.8;1;10212447847;B
20240426;101357;579.75;4;10212447894;S
20240426;101357;579.75;86;10212447895;S
20240426;101401;579.8;72;10212448352;B
20240426;101403;579.8;29;10212448463;B
20240426;101404;579.75;146;10212448529;S
20240426;101408;579.8;1;10212449099;B
20240426;101409;579.8;1;10212449419;B
20240426;101410;579.8;1;10212449528;B
20240426;101413;579.8;1;10212449859;B
20240426;101415;579.75;2;10212450062;S
20240426;101415;579.8;1;10212450078;B
20240426;101417;579.75;74;10212450212;S
20240426;101417;579.75;1;10212450213;S
20240426;101417;579.75;109;10212450214;S
20240426;101417;579.7;1;10212450215;S
20240426;101417;579.7;2;10212450216;S
20240426;101417;579.65;173;10212450217;S
20240426;101417;579.65;3;10212450218;S
20240426;101417;579.65;147;10212450219;S
20240426;101423;579.75;1;10212450751;B
20240426;101426;579.75;1;10212451064;B
20240426;101426;579.75;173;10212451065;B
20240426;101426;579.75;172;10212451066;B
20240426;101426;579.75;4;10212451067;B
20240426;101426;579.8;550;10212451068;B
20240426;101430;579.75;1;10212451455;B
20240426;101435;579.6;8;10212451892;S
20240426;101436;579.65;1;10212452091;S
20240426;101436;579.6;41;10212452092;S
20240426;101436;579.6;8;10212452093;S
20240426;101442;579.75;2;10212452769;B
20240426;101446;579.75;1;10212453758;B
20240426;101447;579.65;1;10212453891;S
20240426;101457;579.65;1;10212455055;S
20240426;101500;579.65;104;10212455375;S
20240426;101500;579.6;166;10212455376;S
20240426;101502;579.7;1;10212455806;B
20240426;101502;579.7;3;10212455807;B
20240426;101503;579.75;1;10212456057;B
20240426;101505;579.6;1;10212456539;S
20240426;101505;579.6;263;10212456589;S
20240426;101507;579.6;2;10212456914;S
20240426;101509;579.65;5;10212457356;B
20240426;101510;579.6;2;10212457550;S
20240426;101511;579.6;1;10212457674;S
20240426;101511;579.65;4;10212457689;B
20240426;101511;579.6;1;10212457728;S
20240426;101511;579.65;4;10212457748;B
20240426;101512;579.6;1;10212457893;S
20240426;101512;579.65;45;10212457928;B
20240426;101513;579.65;1;10212458035;B
20240426;101513;579.6;1;10212458118;S
20240426;101515;579.65;3;10212458477;B
20240426;101516;579.65;1;10212458500;B
20240426;101516;579.65;2;10212458594;B
20240426;101517;579.65;1;10212458790;B
20240426;101518;579.65;3;10212458877;B
20240426;101519;579.65;32;10212459017;B
20240426;101521;579.65;1;10212459487;B
20240426;101522;579.6;54;10212459564;S
20240426;101522;579.6;2;10212459565;S
20240426;101522;579.6;50;10212459566;S
20240426;101522;579.6;1;10212459567;S
20240426;101522;579.6;1;10212459568;S
20240426;101522;579.55;10;10212459569;S
20240426;101522;579.55;1;10212459570;S
20240426;101522;579.5;1;10212459607;S
20240426;101522;579.5;6;10212459652;S
20240426;101522;579.55;1;10212459703;B
20240426;101523;579.55;4;10212459753;B
20240426;101523;579.55;15;10212459764;B
20240426;101523;579.55;9;10212459805;B
20240426;101525;579.55;1;10212460080;B
20240426;101526;579.55;5;10212460268;B
20240426;101526;579.55;2;10212460326;B
20240426;101526;579.5;3;10212460337;S
20240426;101526;579.55;17;10212460346;B
20240426;101526;579.5;1;10212460354;S
20240426;101526;579.55;1;10212460372;B
20240426;101527;579.55;4;10212460480;B
20240426;101528;579.55;1;10212460741;B
20240426;101529;579.5;1;10212460761;S
20240426;101529;579.5;1;10212460762;S
20240426;101529;579.55;1;10212460807;B
20240426;101530;579.5;3;10212461138;S
20240426;101532;579.55;13;10212461315;B
20240426;101532;579.55;20;10212461317;B
20240426;101532;579.55;1;10212461411;B
20240426;101532;579.55;1;10212461427;B
20240426;101534;579.55;1;10212461731;B
20240426;101535;579.55;1;10212461779;B
20240426;101537;579.55;3;10212462048;B
20240426;101537;579.55;15;10212462066;B
20240426;101537;579.55;1;10212462099;B
20240426;101537;579.55;1;10212462100;B
20240426;101538;579.55;5;10212462157;B
20240426;101539;579.55;3;10212462294;B
20240426;101539;579.55;4;10212462341;B
20240426;101541;579.55;1;10212462598;B
20240426;101542;579.5;6;10212462726;S
20240426;101544;579.55;2;10212462855;B
20240426;101545;579.55;2;10212462981;B
20240426;101545;579.55;2;10212462983;B
20240426;101545;579.55;3;10212463002;B
20240426;101545;579.5;3;10212463050;S
20240426;101546;579.55;24;10212463144;B
20240426;101547;579.55;5;10212463218;B
20240426;101548;579.55;1;10212463360;B
20240426;101548;579.5;1;10212463361;S
20240426;101548;579.5;1;10212463362;S
20240426;101548;579.5;8;10212463363;S
20240426;101549;579.5;3;10212463530;S
20240426;101550;579.55;11;10212463554;B
20240426;101550;579.55;3;10212463594;B
20240426;101551;579.5;10;10212463678;S
20240426;101551;579.4;4;10212463679;S
20240426;101551;579.4;3;10212463680;S
20240426;101551;579.35;34;10212463681;S
20240426;101551;579.35;49;10212463682;S
20240426;101554;579.45;2;10212464141;B
20240426;101555;579.45;1;10212464178;B
20240426;101558;579.45;3;10212464660;B
20240426;101559;579.3;25;10212464932;S
20240426;101559;579.3;75;10212464933;S
20240426;101559;579.3;100;10212464934;S
20240426;101559;579.25;70;10212464955;S
20240426;101604;579.3;5;10212465543;S
20240426;101606;579.3;3;10212465744;B
20240426;101606;579.3;2;10212465763;B
20240426;101608;579.3;15;10212466002;B
20240426;101610;579.3;1;10212466186;B
20240426;101610;579.25;1;10212466207;B
20240426;101613;579.2;4;10212466527;S
20240426;101616;579.2;6;10212466959;S
20240426;101616;579.2;2;10212466960;S
20240426;101616;579.2;2;10212466961;S
20240426;101618;579.3;1;10212467095;B
20240426;101619;579.2;4;10212467264;S
20240426;101620;579.3;1;10212467389;B
20240426;101622;579.25;1;10212467650;B
20240426;101625;579.15;2;10212468018;S
20240426;101627;579.25;9;10212468212;B
20240426;101627;579.2;2;10212468224;B
20240426;101628;579.15;2;10212468330;S
20240426;101630;579.15;25;10212468562;S
20240426;101635;579.2;2;10212469070;B
20240426;101635;579.2;4;10212469076;B
20240426;101636;579.15;1;10212469149;S
20240426;101636;579.15;1;10212469150;S
20240426;101639;579.15;1;10212469471;B
20240426;101642;579.1;1;10212469793;S
20240426;101642;579.1;1;10212469794;S
20240426;101642;579.1;1;10212469795;S
20240426;101642;579.15;1;10212469841;B
20240426;101644;579.15;1;10212469921;B
20240426;101644;579.15;2;10212469922;B
20240426;101645;579.1;46;10212470026;S
20240426;101645;579.15;98;10212470037;B
20240426;101645;579.2;2;10212470038;B
20240426;101649;579.1;3;10212470422;S
20240426;101651;579.1;86;10212470553;S
20240426;101651;579.1;1;10212470600;S
20240426;101656;579.15;1;10212471011;S
20240426;101658;579.15;2;10212471106;S
20240426;101658;579.2;1;10212471118;B
20240426;101700;579.15;1;10212471475;S
20240426;101700;579.15;11;10212471476;S
20240426;101700;579.2;1;10212471480;B
20240426;101705;579.25;34;10212471981;B
20240426;101705;579.3;17;10212471982;B
20240426;101706;579.3;1;10212472029;B
20240426;101708;579.15;300;10212472167;S
20240426;101709;579.2;2;10212472251;B
20240426;101710;579.3;17;10212472424;B
20240426;101710;579.3;84;10212472490;B
20240426;101710;579.3;16;10212472491;B
20240426;101712;579.3;2;10212472675;B
20240426;101713;579.25;14;10212472773;S
20240426;101713;579.25;45;10212472839;S
20240426;101713;579.3;1;10212472879;B
20240426;101717;579.25;2;10212473202;S
20240426;101720;579.25;3;10212473446;S
20240426;101720;579.3;2;10212473459;B
20240426;101721;579.3;1;10212473514;B
20240426;101722;579.3;1;10212473656;B
20240426;101723;579.3;100;10212473754;B
20240426;101723;579.4;5;10212473763;B
20240426;101724;579.45;5;10212473836;B
20240426;101724;579.45;4;10212473837;B
20240426;101724;579.45;19;10212473838;B
20240426;101724;579.5;141;10212473839;B
20240426;101724;579.55;2;10212473840;B
20240426;101724;579.55;5;10212473841;B
20240426;101724;579.6;4;10212473842;B
20240426;101724;579.6;10;10212473843;B
20240426;101724;579.6;20;10212473844;B
20240426;101724;579.6;74;10212473845;B
20240426;101726;579.45;14;10212474064;S
20240426;101733;579.5;9;10212474689;S
20240426;101736;579.6;1;10212475014;B
20240426;101737;579.5;3;10212475139;S
20240426;101737;579.5;3;10212475200;S
20240426;101738;579.5;1;10212475241;S
20240426;101739;579.6;1;10212475314;B
20240426;101740;579.6;12;10212475429;B
20240426;101740;579.6;388;10212475430;B
20240426;101740;579.6;62;10212475431;B
20240426;101740;579.65;172;10212475432;B
20240426;101740;579.7;172;10212475433;B
20240426;101740;579.7;8;10212475434;B
20240426;101740;579.7;173;10212475435;B
20240426;101740;579.75;10;10212475466;B
20240426;101741;579.75;3;10212475492;B
20240426;101748;579.6;2;10212476092;S
20240426;101757;579.75;1;10212476878;B
20240426;101803;579.75;10;10212477487;B
20240426;101803;579.6;2;10212477531;S
20240426;101803;579.55;8;10212477532;S
20240426;101804;579.55;26;10212477622;S
20240426;101804;579.55;120;10212477623;S
20240426;101807;579.55;61;10212477840;S
20240426;101807;579.5;4;10212477841;S
20240426;101807;579.5;34;10212477842;S
20240426;101807;579.45;100;10212477843;S
20240426;101807;579.45;173;10212477844;S
20240426;101807;579.4;100;10212477845;S
20240426;101807;579.4;2;10212477846;S
20240426;101807;579.35;83;10212477847;S
20240426;101807;579.3;4;10212477848;S
20240426;101807;579.3;1;10212477849;S
20240426;101807;579.3;25;10212477850;S
20240426;101807;579.3;101;10212477851;S
20240426;101813;579.4;2;10212478562;B
20240426;101819;579.5;1;10212479225;B
20240426;101824;579.6;1;10212479642;B
20240426;101826;579.6;33;10212479905;B
20240426;101826;579.65;173;10212479906;B
20240426;101826;579.65;380;10212479907;B
20240426;101826;579.65;1;10212479908;B
20240426;101826;579.7;172;10212479909;B
20240426;101826;579.75;172;10212479910;B
20240426;101826;579.75;173;10212479911;B
20240426;101826;579.75;2;10212479912;B
20240426;101826;579.8;2;10212479913;B
20240426;101826;579.8;1;10212479914;B
20240426;101826;579.8;1;10212479915;B
20240426;101826;579.8;172;10212479916;B
20240426;101826;579.8;5;10212479917;B
20240426;101826;579.8;388;10212479918;B
20240426;101826;579.85;5;10212479919;B
20240426;101826;579.85;25;10212479920;B
20240426;101826;579.9;4;10212479921;B
20240426;101826;579.9;6;10212479922;B
20240426;101826;579.9;3;10212479923;B
20240426;101826;579.9;849;10212479924;B
20240426;101826;579.85;10;10212479929;B
20240426;101827;579.85;14;10212479935;B
20240426;101828;579.8;5;10212480034;B
20240426;101828;579.85;7;10212480035;B
20240426;101828;579.9;161;10212480036;B
20240426;101828;579.8;34;10212480064;S
20240426;101828;579.8;66;10212480065;S
20240426;101832;579.8;5;10212480481;S
20240426;101832;579.8;1;10212480482;S
20240426;101834;579.9;3;10212480802;B
20240426;101835;579.8;100;10212480910;S
20240426;101837;579.9;31;10212481123;B
20240426;101837;579.95;19;10212481124;B
20240426;101837;579.8;2;10212481199;S
20240426;101843;579.95;5;10212481742;B
20240426;101846;579.9;1;10212482021;S
20240426;101846;579.9;1;10212482106;S
20240426;101847;579.95;3;10212482228;B
20240426;101848;579.95;4;10212482252;B
20240426;101849;579.9;2;10212482364;S
20240426;101849;579.95;1;10212482381;B
20240426;101849;579.95;3;10212482405;B
20240426;101851;579.95;2;10212482584;B
20240426;101852;579.9;6;10212482611;S
20240426;101852;579.9;6;10212482612;S
20240426;101853;579.95;1;10212482688;B
20240426;101853;579.95;1;10212482693;B
20240426;101854;579.9;5;10212482811;S
20240426;101855;579.9;1;10212482908;S
20240426;101855;579.95;1;10212482938;B
20240426;101856;579.95;9;10212483138;B
20240426;101856;580;1;10212483139;B
20240426;101858;579.9;3;10212483369;S
20240426;101900;580;9;10212483536;B
20240426;101900;580;1;10212483537;B
20240426;101900;580;48;10212483538;B
20240426;101902;579.9;1;10212483646;S
20240426;101907;580;5;10212484220;B
20240426;101908;580;1;10212484274;B
20240426;101910;579.95;2;10212484518;B
20240426;101912;579.9;1;10212484784;S
20240426;101913;579.9;21;10212484801;S
20240426;101913;579.95;3;10212484873;B
20240426;101913;579.95;1;10212484874;B
20240426;101914;579.95;1;10212484990;B
20240426;101915;579.95;19;10212485090;B
20240426;101917;579.95;1;10212485321;B
20240426;101919;579.9;29;10212485437;S
20240426;101919;579.95;35;10212485442;B
20240426;101920;579.9;1;10212485506;S
20240426;101921;579.95;150;10212485592;B
20240426;101922;579.95;10;10212485678;B
20240426;101926;579.95;1;10212485997;B
20240426;101927;579.9;20;10212486123;S
20240426;101928;579.95;1;10212486146;B
20240426;101928;579.95;3;10212486196;B
20240426;101930;579.95;36;10212486344;B
20240426;101932;579.9;9;10212486477;S
20240426;101933;579.95;1;10212486675;B
20240426;101938;579.9;1;10212487093;S
20240426;101938;579.95;5;10212487110;B
20240426;101938;579.95;3;10212487124;B
20240426;101938;579.95;1;10212487163;B
20240426;101940;579.9;1;10212487354;S
20240426;101941;579.95;3;10212487442;B
20240426;101943;579.95;5;10212487561;B
20240426;101943;579.95;1;10212487591;B
20240426;101944;579.95;1;10212487620;B
20240426;101944;579.95;1;10212487671;B
20240426;101944;579.95;1;10212487676;B
20240426;101946;579.95;1;10212487799;B
20240426;101946;579.95;1;10212487821;B
20240426;101949;579.95;7;10212488331;B
20240426;101949;579.95;1;10212488332;B
20240426;101949;579.95;3;10212488333;B
20240426;101949;579.95;26;10212488334;B
20240426;101949;579.95;180;10212488335;B
20240426;101953;579.95;200;10212489370;B
20240426;101953;579.95;1;10212489450;B
20240426;101954;579.95;40;10212489526;B
20240426;101954;579.95;11;10212489559;B
20240426;101954;579.9;10;10212489658;S
20240426;101956;579.95;3;10212489916;B
20240426;102004;579.95;145;10212491371;B
20240426;102004;579.95;11;10212491372;B
20240426;102004;580;46;10212491373;B
20240426;102004;580;40;10212491374;B
20240426;102004;580;1;10212491375;B
20240426;102004;580;1;10212491376;B
20240426;102004;580;5;10212491377;B
20240426;102004;580;4;10212491378;B
20240426;102004;580;2;10212491379;B
20240426;102004;580;1;10212491380;B
20240426;102004;580;1;10212491381;B
20240426;102004;580;106;10212491382;B
20240426;102004;580;10;10212491383;B
20240426;102004;580;1100;10212491384;B
20240426;102004;580;1;10212491385;B
20240426;102004;580;3000;10212491386;B
20240426;102004;580;20;10212491387;B
20240426;102004;580.05;1;10212491388;B
20240426;102004;580.05;10;10212491389;B
20240426;102004;580.05;1;10212491390;B
20240426;102004;580.1;1;10212491391;B
20240426;102004;580.15;8;10212491392;B
20240426;102004;580.15;147;10212491432;S
20240426;102008;580.15;1;10212491957;S
20240426;102008;580.15;1;10212492082;S
20240426;102009;580.2;61;10212492116;B
20240426;102014;580.2;20;10212493018;B
20240426;102014;580.15;100;10212493022;S
20240426;102015;580.2;336;10212493152;B
20240426;102015;580.25;1;10212493153;B
20240426;102015;580.25;10;10212493154;B
20240426;102015;580.25;172;10212493155;B
20240426;102015;580.25;400;10212493156;B
20240426;102015;580.3;5;10212493157;B
20240426;102015;580.3;1;10212493158;B
20240426;102015;580.3;3;10212493159;B
20240426;102015;580.3;172;10212493160;B
20240426;102015;580.35;172;10212493161;B
20240426;102015;580.4;2;10212493162;B
20240426;102015;580.4;16;10212493163;B
20240426;102015;580.3;35;10212493165;S
20240426;102015;580.25;208;10212493166;S
20240426;102015;580.25;173;10212493167;S
20240426;102015;580.2;10;10212493168;S
20240426;102015;580.15;251;10212493185;S
20240426;102015;580.15;173;10212493186;S
20240426;102015;580.1;36;10212493187;S
20240426;102015;580;100;10212493188;S
20240426;102015;580;380;10212493189;S
20240426;102015;579.95;388;10212493190;S
20240426;102015;579.95;1000;10212493191;S
20240426;102015;579.95;100;10212493192;S
20240426;102015;579.9;2;10212493193;S
20240426;102015;579.9;1;10212493194;S
20240426;102015;579.9;2;10212493195;S
20240426;102015;579.9;50;10212493196;S
20240426;102015;579.9;387;10212493197;S
20240426;102015;579.85;172;10212493198;S
20240426;102015;579.85;160;10212493199;S
20240426;102015;579.8;2;10212493200;S
20240426;102015;579.8;500;10212493201;S
20240426;102015;579.8;172;10212493202;S
20240426;102015;579.75;172;10212493203;S
20240426;102015;579.7;1;10212493204;S
20240426;102015;579.7;8;10212493205;S
20240426;102015;579.7;1000;10212493206;S
20240426;102015;579.7;1000;10212493207;S
20240426;102015;579.65;1000;10212493208;S
20240426;102015;579.65;1000;10212493209;S
20240426;102015;579.65;443;10212493210;S
20240426;102018;579.55;50;10212493847;S
20240426;102018;579.55;50;10212493848;S
20240426;102018;579.55;54;10212493849;S
20240426;102018;579.5;8;10212493850;S
20240426;102018;579.5;35;10212493851;S
20240426;102018;579.45;25;10212493885;S
20240426;102018;579.45;17;10212493886;S
20240426;102019;579.45;100;10212493996;S
20240426;102019;579.45;1;10212494059;B
20240426;102022;579.45;2;10212494568;B
20240426;102024;579.4;1;10212496451;S
20240426;102024;579.4;1;10212496452;S
20240426;102024;579.4;98;10212496453;S
20240426;102025;579.4;1;10212496617;B
20240426;102026;579.4;10;10212496801;B
20240426;102029;579.4;19;10212497726;B
20240426;102029;579.4;1;10212497735;B
20240426;102029;579.4;1;10212497780;B
20240426;102029;579.4;1;10212498462;B
20240426;102030;579.4;1;10212498896;B
20240426;102031;579.4;1;10212499705;B
20240426;102032;579.4;1;10212499810;B
20240426;102032;579.4;4;10212499857;B
20240426;102034;579.45;50;10212500207;S
20240426;102034;579.5;1;10212500237;B
20240426;102035;579.5;2;10212500317;B
20240426;102035;579.45;40;10212500426;S
20240426;102035;579.5;1;10212500462;B
20240426;102036;579.5;1;10212500672;B
20240426;102036;579.45;4;10212500707;S
20240426;102037;579.5;4;10212500837;B
20240426;102037;579.5;1;10212500845;B
20240426;102038;579.5;1;10212500945;B
20240426;102040;579.5;1;10212501466;B
20240426;102041;579.5;1;10212503608;B
20240426;102042;579.5;2;10212503638;B
20240426;102043;579.5;3;10212503698;B
20240426;102043;579.5;1;10212503705;B
20240426;102045;579.45;1;10212503897;S
20240426;102050;579.45;3;10212504500;S
20240426;102050;579.5;2;10212504507;B
20240426;102050;579.5;2;10212504514;B
20240426;102051;579.45;14;10212504952;S
20240426;102051;579.5;5;10212505480;B
20240426;102052;579.5;1;10212506155;B
20240426;102053;579.5;30;10212506349;B
20240426;102055;579.45;5;10212506519;S
20240426;102057;579.5;1;10212506687;B
20240426;102059;579.5;1;10212507896;B
20240426;102100;579.5;2;10212508986;B
20240426;102101;579.5;87;10212509105;B
20240426;102103;579.5;3;10212509371;B
20240426;102105;579.5;3;10212509658;B
20240426;102108;579.5;68;10212510315;B
20240426;102111;579.5;2;10212510552;B
20240426;102111;579.5;177;10212510667;B
20240426;102111;579.5;23;10212510668;B
20240426;102111;579.5;2;10212510690;B
20240426;102112;579.5;37;10212510735;B
20240426;102112;579.5;20;10212510736;B
20240426;102112;579.5;95;10212510737;B
20240426;102119;579.45;18;10212513828;S
20240426;102120;579.45;2;10212513865;S
20240426;102120;579.45;2;10212513869;S
20240426;102120;579.45;2;10212513870;S
20240426;102121;579.5;1;10212513935;B
20240426;102122;579.5;2;10212514355;B
20240426;102123;579.5;2;10212514399;B
20240426;102123;579.5;1;10212514400;B
20240426;102124;579.45;12;10212514511;S
20240426;102124;579.5;1;10212514524;B
20240426;102127;579.5;16;10212514815;B
20240426;102127;579.45;6;10212514819;S
20240426;102129;579.5;84;10212515724;B
20240426;102129;579.75;50;10212515759;B
20240426;102130;579.8;2;10212516761;B
20240426;102130;579.8;9;10212516762;B
20240426;102130;579.8;9;10212516763;B
20240426;102132;579.8;1;10212516843;B
20240426;102134;579.8;5;10212517109;B
20240426;102135;579.75;1;10212517442;S
20240426;102136;579.75;1;10212517551;S
20240426;102137;579.75;1;10212517669;S
20240426;102137;579.65;1;10212517672;S
20240426;102138;579.8;2;10212517783;B
20240426;102138;579.75;1;10212517842;S
20240426;102139;579.75;1;10212517897;S
20240426;102140;579.8;1;10212517995;B
20240426;102140;579.75;1;10212517997;S
20240426;102141;579.75;1;10212518115;S
20240426;102141;579.8;97;10212518122;B
20240426;102141;579.85;56;10212518123;B
20240426;102141;579.9;1000;10212518124;B
20240426;102141;579.95;10;10212518125;B
20240426;102141;580;300;10212518126;B
20240426;102141;580;173;10212518127;B
20240426;102141;580.05;2;10212518128;B
20240426;102141;580.05;170;10212518129;B
20240426;102141;580;200;10212518130;S
20240426;102141;580;100;10212518131;S
20240426;102141;580.05;172;10212518132;B
20240426;102141;580.05;172;10212518134;B
20240426;102141;580.05;1;10212518185;S
20240426;102142;580.05;1;10212519032;S
20240426;102142;580.1;1;10212519033;B
20240426;102142;580.1;6;10212519034;B
20240426;102142;580.05;1;10212519043;S
20240426;102142;580.1;2;10212519056;B
20240426;102143;580.05;1;10212519084;S
20240426;102143;580.1;1;10212520125;B
20240426;102143;580.05;1;10212520133;S
20240426;102144;580.05;5;10212520156;S
20240426;102144;580.05;1;10212520435;S
20240426;102145;580.05;1;10212520697;S
20240426;102145;580.1;1;10212520719;B
20240426;102145;580.1;1;10212520730;B
20240426;102146;580.05;1;10212520782;S
20240426;102147;580.1;5;10212521175;B
20240426;102148;580.1;1;10212521197;B
20240426;102149;580.05;2;10212521308;S
20240426;102149;580.05;3;10212521326;S
20240426;102151;580.1;1;10212521835;B
20240426;102153;580.1;18;10212522193;B
20240426;102153;580.1;64;10212522242;B
20240426;102153;580.15;1;10212522243;B
20240426;102153;580.15;8;10212522244;B
20240426;102153;580.15;27;10212522245;B
20240426;102154;580.2;1;10212522314;S
20240426;102154;580.2;172;10212522432;S
20240426;102154;580.2;26;10212522433;S
20240426;102155;580.2;1;10212523330;S
20240426;102156;580.25;40;10212523959;B
20240426;102157;580.25;1;10212524013;B
20240426;102158;580.25;3;10212524162;B
20240426;102159;580.25;50;10212524257;B
20240426;102159;580.2;4;10212524296;S
20240426;102200;580.25;6;10212524377;B
20240426;102200;580.3;29;10212524378;B
20240426;102200;580.3;5;10212524379;B
20240426;102200;580.3;14;10212524380;B
20240426;102200;580.3;100;10212524381;B
20240426;102200;580.3;10;10212524382;B
20240426;102200;580.45;6;10212524383;B
20240426;102200;580.5;3;10212524384;B
20240426;102200;580.5;1;10212524385;B
20240426;102200;580.5;69;10212524386;B
20240426;102200;580.5;1;10212524387;B
20240426;102200;580.5;1;10212524388;B
20240426;102200;580.5;1;10212524389;B
20240426;102200;580.5;25;10212524390;B
20240426;102200;580.5;8;10212524391;B
20240426;102200;580.5;1000;10212524392;B
20240426;102200;580.5;441;10212524393;B
20240426;102200;580.5;500;10212524401;S
20240426;102200;580.5;173;10212524402;S
20240426;102200;580.45;36;10212524403;S
20240426;102200;580.5;363;10212524454;S
20240426;102200;580.4;5;10212524487;S
20240426;102201;580.55;7;10212524525;B
20240426;102201;580.55;30;10212524526;B
20240426;102201;580.55;28;10212524527;B
20240426;102201;580.55;1;10212524593;B
20240426;102202;580.55;1;10212524699;B
20240426;102203;580.55;1;10212524732;B
20240426;102203;580.55;5;10212524825;B
20240426;102204;580.55;1;10212524836;B
20240426;102204;580.5;147;10212524837;S
20240426;102204;580.55;4;10212524845;B
20240426;102206;580.55;25;10212526186;B
20240426;102210;580.5;1;10212526985;S
20240426;102210;580.5;3;10212526986;S
20240426;102211;580.55;1;10212527024;B
20240426;102212;580.55;1;10212527201;B
20240426;102214;580.5;3;10212528048;S
20240426;102215;580.5;14;10212528152;S
20240426;102215;580.5;10;10212528153;S
20240426;102215;580.5;476;10212528154;S
20240426;102215;580.5;10;10212528166;B
20240426;102215;580.5;90;10212528517;B
20240426;102215;580.5;173;10212528518;B
20240426;102215;580.5;173;10212528519;B
20240426;102216;580.55;32;10212528964;B
20240426;102216;580.55;10;10212528965;B
20240426;102216;580.55;73;10212528966;B
20240426;102216;580.6;7;10212528967;B
20240426;102216;580.6;2;10212528968;B
20240426;102216;580.6;8;10212528969;B
20240426;102216;580.6;128;10212528970;B
20240426;102218;580.5;90;10212530337;S
20240426;102218;580.5;20;10212530382;S
20240426;102218;580.45;1;10212530388;S
20240426;102221;580.55;3;10212530643;B
20240426;102223;580.5;20;10212530808;S
20240426;102223;580.55;1;10212530887;B
20240426;102224;580.55;1;10212531316;B
20240426;102224;580.5;13;10212531352;S
20240426;102224;580.5;2;10212531377;S
20240426;102225;580.55;15;10212532429;B
20240426;102228;580.55;1;10212533024;B
20240426;102228;580.55;1;10212533098;B
20240426;102230;580.5;1;10212533241;S
20240426;102231;580.55;78;10212533354;B
20240426;102231;580.6;500;10212533355;B
20240426;102231;580.6;2;10212533356;B
20240426;102231;580.6;73;10212533357;B
20240426;102231;580.65;7;10212533358;B
20240426;102231;580.65;500;10212533359;B
20240426;102231;580.65;20;10212533360;B
20240426;102231;580.65;192;10212533361;B
20240426;102231;580.7;5;10212533362;B
20240426;102231;580.7;173;10212533363;B
20240426;102231;580.75;5;10212533364;B
20240426;102231;580.75;1;10212533365;B
20240426;102231;580.75;2;10212533366;B
20240426;102231;580.75;1;10212533367;B
20240426;102231;580.75;4;10212533368;B
20240426;102231;580.75;2;10212533369;B
20240426;102231;580.8;5;10212533370;B
20240426;102231;580.8;1000;10212533371;B
20240426;102231;580.8;387;10212533372;B
20240426;102231;580.85;5;10212533373;B
20240426;102231;580.85;56;10212533374;B
20240426;102231;580.85;777;10212533375;B
20240426;102231;580.9;5;10212533376;B
20240426;102231;580.9;5;10212533377;B
20240426;102231;580.9;4;10212533378;B
20240426;102231;580.9;500;10212533379;B
20240426;102231;580.9;16;10212533380;B
20240426;102231;580.9;5;10212533381;B
20240426;102231;580.9;172;10212533382;B
20240426;102231;580.9;20;10212533383;B
20240426;102231;580.95;5;10212533384;B
20240426;102231;580.95;5;10212533385;B
20240426;102231;580.95;172;10212533386;B
20240426;102231;580.95;296;10212533387;B
20240426;102231;580.75;50;10212533392;B
20240426;102232;580.7;400;10212533606;S
20240426;102232;580.7;22;10212533607;S
20240426;102233;580.65;2;10212533724;S
20240426;102234;580.65;1;10212533788;S
20240426;102238;580.65;1;10212535190;S
20240426;102238;580.65;27;10212535199;S
20240426;102238;580.65;3;10212535212;S
20240426;102240;580.7;1;10212535991;B
20240426;102240;580.65;5;10212536004;S
20240426;102242;580.7;99;10212536902;B
20240426;102242;580.7;27;10212536903;B
20240426;102242;580.75;1;10212536912;B
20240426;102243;580.8;2;10212536948;B
20240426;102243;580.8;1;10212537012;B
20240426;102247;580.75;1;10212537515;S
20240426;102249;580.75;100;10212538709;B
20240426;102250;580.75;5;10212538794;S
20240426;102252;580.75;2;10212539054;S
20240426;102255;580.8;189;10212539518;B
20240426;102255;580.8;33;10212539519;B
20240426;102255;580.85;500;10212539520;B
20240426;102255;580.85;73;10212539521;B
20240426;102255;580.85;173;10212539522;B
20240426;102255;580.85;600;10212539523;B
20240426;102255;580.85;1;10212539524;B
20240426;102255;580.9;20;10212539525;B
20240426;102255;580.9;4;10212539526;B
20240426;102255;580.9;25;10212539527;B
20240426;102255;580.9;387;10212539528;B
20240426;102255;580.95;145;10212539529;B
20240426;102255;580.95;24;10212539530;B
20240426;102255;581;5;10212539531;B
20240426;102255;581;1;10212539532;B
20240426;102255;581;10;10212539533;B
20240426;102255;581;1;10212539534;B
20240426;102255;581;5;10212539535;B
20240426;102255;581;1;10212539536;B
20240426;102255;581;1;10212539537;B
20240426;102255;581;1;10212539538;B
20240426;102255;581;3;10212539539;B
20240426;102255;581;1;10212539540;B
20240426;102255;581;4;10212539541;B
20240426;102255;581;25;10212539542;B
20240426;102255;581;1;10212539543;B
20240426;102255;581;2767;10212539544;B
20240426;102255;580.9;1;10212539571;S
20240426;102255;580.9;1;10212539576;S
20240426;102255;580.95;1;10212539590;B
20240426;102256;580.9;96;10212539601;S
20240426;102256;580.85;9;10212539605;S
20240426;102259;580.85;5;10212539955;S
20240426;102259;580.85;1;10212539967;B
20240426;102300;580.85;172;10212539980;B
20240426;102300;580.8;1;10212539984;S
20240426;102300;580.75;1;10212540049;S
20240426;102301;580.75;10;10212540076;S
20240426;102304;580.8;200;10212542215;S
20240426;102304;580.8;100;10212542216;S
20240426;102305;580.75;1;10212542219;S
20240426;102307;580.8;3;10212542396;B
20240426;102307;580.85;27;10212542397;B
20240426;102309;580.8;50;10212542680;S
20240426;102309;580.8;365;10212542681;S
20240426;102309;580.75;74;10212542682;S
20240426;102309;580.7;1;10212542725;S
20240426;102309;580.75;1;10212542741;B
20240426;102310;580.75;3;10212542752;B
20240426;102310;580.7;9;10212542830;S
20240426;102314;580.7;15;10212543711;S
20240426;102315;580.7;1;10212544792;S
20240426;102316;580.75;7;10212544944;B
20240426;102316;580.75;1;10212544945;B
20240426;102318;580.75;2;10212545216;S
20240426;102318;580.75;1;10212545217;S
20240426;102321;580.8;1;10212545537;B
20240426;102322;580.7;2;10212545575;S
20240426;102323;580.9;5;10212545699;B
20240426;102328;580.75;3;10212548075;S
20240426;102333;580.95;7;10212548598;B
20240426;102335;580.95;1;10212548833;B
20240426;102337;580.8;6;10212549945;S
20240426;102340;580.75;173;10212551341;S
20240426;102340;580.75;72;10212551342;S
20240426;102340;580.7;346;10212551343;S
20240426;102340;580.7;1;10212551344;S
20240426;102340;580.7;20;10212551345;S
20240426;102340;580.7;1;10212551346;S
20240426;102340;580.7;5;10212551347;S
20240426;102340;580.7;387;10212551348;S
20240426;102340;580.7;253;10212551349;S
20240426;102340;580.7;46;10212551350;S
20240426;102340;580.7;173;10212551351;S
20240426;102340;580.65;2;10212551352;S
20240426;102340;580.65;2;10212551353;S
20240426;102340;580.6;172;10212551354;S
20240426;102340;580.6;200;10212551355;S
20240426;102340;580.55;112;10212551356;S
20240426;102341;580.55;1;10212551435;S
20240426;102341;580.55;1;10212551523;S
20240426;102342;580.7;1;10212551827;B
20240426;102343;580.75;1;10212551912;B
20240426;102353;580.55;58;10212556000;S
20240426;102353;580.55;387;10212556001;S
20240426;102353;580.55;173;10212556002;S
20240426;102353;580.55;35;10212556003;S
20240426;102353;580.55;35;10212556004;S
20240426;102353;580.55;35;10212556005;S
20240426;102353;580.55;58;10212556006;S
20240426;102353;580.5;219;10212556007;S
20240426;102354;580.55;3;10212556135;S
20240426;102359;580.7;1;10212556744;B
20240426;102400;580.7;1;10212556937;B
20240426;102400;580.7;250;10212556991;B
20240426;102401;580.7;1;10212557043;B
20240426;102403;580.55;31;10212557301;S
20240426;102404;580.55;138;10212558401;S
20240426;102404;580.55;8;10212558402;S
20240426;102408;580.55;1;10212558881;S
20240426;102411;580.6;4;10212560867;S
20240426;102411;580.6;4;10212560868;S
20240426;102413;580.65;5;10212561007;B
20240426;102419;580.55;4;10212561818;S
20240426;102421;580.65;26;10212562876;B
20240426;102422;580.65;1;10212562989;B
20240426;102423;580.65;3;10212563028;B
20240426;102423;580.65;33;10212563029;B
20240426;102427;580.65;2;10212564570;B
20240426;102427;580.65;3;10212564571;B
20240426;102433;580.55;1;10212565306;S
20240426;102437;580.55;1;10212566712;S
20240426;102439;580.65;1;10212567608;B
20240426;102442;580.55;3;10212567890;S
20240426;102442;580.65;30;10212567951;B
20240426;102449;580.65;1;10212569930;B
20240426;102449;580.65;49;10212569931;B
20240426;102451;580.55;1;10212570145;S
20240426;102453;580.55;3;10212570490;S
20240426;102455;580.6;1;10212570645;B
20240426;102456;580.55;1;10212570672;S
20240426;102500;580.55;2;10212571104;S
20240426;102502;580.6;1;10212573880;B
20240426;102502;580.65;2;10212573881;B
20240426;102507;580.6;7;10212574622;S
20240426;102507;580.6;5;10212574623;S
20240426;102507;580.6;11;10212574625;S
20240426;102507;580.6;100;10212574704;S
20240426;102509;580.6;2;10212574772;S
20240426;102510;580.65;1;10212575073;B
20240426;102511;580.6;5;10212575136;S
20240426;102512;580.65;1;10212575201;B
20240426;102515;580.65;1;10212576404;B
20240426;102519;580.65;5;10212576775;B
20240426;102520;580.65;2;10212576828;B
20240426;102520;580.6;5;10212576850;S
20240426;102520;580.65;1;10212577486;B
20240426;102522;580.65;5;10212578589;B
20240426;102522;580.6;1;10212578658;S
20240426;102523;580.65;50;10212578717;B
20240426;102525;580.6;8;10212578909;S
20240426;102525;580.65;15;10212578970;B
20240426;102527;580.65;34;10212579117;B
20240426;102529;580.65;1;10212580550;B
20240426;102529;580.65;1;10212580562;B
20240426;102530;580.65;2;10212580594;B
20240426;102531;580.65;1;10212580700;B
20240426;102532;580.65;1;10212580717;B
20240426;102538;580.65;2;10212581418;B
20240426;102538;580.65;1;10212581435;B
20240426;102540;580.6;183;10212581637;S
20240426;102540;580.6;8;10212581638;S
20240426;102540;580.55;18;10212581639;S
20240426;102540;580.55;10;10212581640;S
20240426;102540;580.55;22;10212581641;S
20240426;102540;580.5;281;10212581642;S
20240426;102540;580.5;20;10212581643;S
20240426;102540;580.4;100;10212581644;S
20240426;102540;580.4;59;10212581645;S
20240426;102540;580.3;353;10212581646;S
20240426;102543;580.4;4;10212583770;B
20240426;102544;580.35;104;10212583892;S
20240426;102544;580.3;47;10212583893;S
20240426;102544;580.25;19;10212583894;S
20240426;102544;580.25;30;10212583895;S
20240426;102545;580.25;1;10212583951;S
20240426;102546;580.3;1;10212584013;B
20240426;102546;580.25;1;10212584047;S
20240426;102548;580.3;3;10212585380;B
20240426;102550;580.3;2;10212585555;B
20240426;102551;580.3;7;10212585578;B
20240426;102551;580.3;5;10212585587;B
20240426;102552;580.3;4;10212585723;B
20240426;102553;580.3;152;10212585759;B
20240426;102553;580.3;10;10212585760;B
20240426;102553;580.3;10;10212585761;B
20240426;102553;580.3;663;10212585762;B
20240426;102553;580.3;22;10212585763;B
20240426;102553;580.3;4;10212585790;B
20240426;102554;580.25;3;10212585837;S
20240426;102554;580.3;50;10212586095;B
20240426;102555;580.25;1;10212586149;S
20240426;102556;580.3;150;10212586200;B
20240426;102558;580.3;1;10212587390;B
20240426;102558;580.25;1;10212587391;S
20240426;102602;580.3;19;10212588181;B
20240426;102602;580.3;111;10212588182;B
20240426;102602;580.3;4;10212588191;B
20240426;102602;580.3;2;10212588195;B
20240426;102602;580.3;1;10212588949;B
20240426;102602;580.3;2;10212588950;B
20240426;102602;580.3;11;10212589004;B
20240426;102602;580.3;36;10212589005;B
20240426;102604;580.35;69;10212589295;B
20240426;102604;580.35;173;10212589296;B
20240426;102604;580.4;35;10212589297;B
20240426;102604;580.4;29;10212589298;B
20240426;102604;580.25;63;10212589306;S
20240426;102604;580.25;2;10212589307;S
20240426;102604;580.25;59;10212589308;S
20240426;102605;580.25;23;10212589593;B
20240426;102605;580.25;2;10212589594;B
20240426;102607;580.3;9;10212589779;B
20240426;102609;580.3;1;10212590082;B
20240426;102610;580.3;1;10212590126;B
20240426;102610;580.35;10;10212590182;B
20240426;102613;580.35;1;10212590895;B
20240426;102613;580.25;1;10212590911;S
20240426;102614;580.25;4;10212591799;S
20240426;102622;580.25;25;10212593144;S
20240426;102627;580.3;2;10212594824;B
20240426;102629;580.3;1;10212594959;B
20240426;102629;580.3;2;10212594981;B
20240426;102630;580.25;5;10212595549;S
20240426;102630;580.3;1;10212595554;B
20240426;102632;580.25;1;10212595740;S
20240426;102633;580.3;3;10212595837;B
20240426;102634;580.25;8;10212595883;S
20240426;102634;580.25;2;10212595884;S
20240426;102634;580.25;6;10212596005;S
20240426;102641;580.3;1;10212596929;B
20240426;102642;580.25;1;10212597007;S
20240426;102642;580.25;11;10212597018;S
20240426;102642;580.3;2;10212597063;B
20240426;102643;580.3;18;10212597099;B
20240426;102644;580.25;3;10212597216;S
20240426;102644;580.3;5;10212597230;B
20240426;102645;580.3;5;10212597369;B
20240426;102645;580.3;7;10212597370;B
20240426;102648;580.25;10;10212597664;S
20240426;102652;580.25;1;10212597969;S
20240426;102653;580.25;2;10212598016;S
20240426;102654;580.4;34;10212598074;B
20240426;102654;580.4;173;10212598075;B
20240426;102654;580.45;172;10212598076;B
20240426;102654;580.45;21;10212598077;B
20240426;102654;580.4;34;10212598096;B
20240426;102654;580.4;16;10212598097;B
20240426;102656;580.3;1;10212598247;B
20240426;102656;580.3;99;10212598248;B
20240426;102702;580.4;3;10212598871;B
20240426;102704;580.4;1;10212598988;B
20240426;102704;580.4;3;10212599004;B
20240426;102704;580.4;173;10212599005;B
20240426;102704;580.4;50;10212599006;B
20240426;102704;580.4;12;10212599007;B
20240426;102704;580.45;700;10212599008;B
20240426;102704;580.5;172;10212599009;B
20240426;102704;580.55;172;10212599010;B
20240426;102704;580.55;214;10212599011;B
20240426;102704;580.6;1;10212599012;B
20240426;102704;580.6;172;10212599013;B
20240426;102704;580.6;387;10212599014;B
20240426;102704;580.65;60;10212599015;B
20240426;102704;580.65;1;10212599016;B
20240426;102704;580.65;1;10212599017;B
20240426;102704;580.65;8;10212599018;B
20240426;102704;580.65;5000;10212599019;B
20240426;102704;580.65;100;10212599020;B
20240426;102704;580.7;1200;10212599021;B
20240426;102704;580.7;35;10212599022;B
20240426;102704;580.75;500;10212599023;B
20240426;102704;580.8;617;10212599024;B
20240426;102704;580.85;24;10212599025;B
20240426;102704;580.85;1000;10212599026;B
20240426;102704;580.85;1000;10212599027;B
20240426;102704;580.9;10;10212599028;B
20240426;102704;580.9;9;10212599029;B
20240426;102704;580.9;10;10212599030;B
20240426;102704;580.9;1000;10212599031;B
20240426;102704;580.9;173;10212599032;B
20240426;102704;580.9;1000;10212599033;B
20240426;102704;580.95;17;10212599034;B
20240426;102704;580.95;6;10212599035;B
20240426;102704;580.95;322;10212599036;B
20240426;102704;580.95;1;10212599037;B
20240426;102704;580.95;85;10212599038;B
20240426;102704;580.95;119;10212599039;B
20240426;102704;580.95;1000;10212599040;B
20240426;102704;580.95;1000;10212599041;B
20240426;102704;581;4233;10212599042;B
20240426;102704;581;170;10212599043;B
20240426;102704;581;10;10212599044;B
20240426;102704;581;300;10212599045;B
20240426;102704;581;1;10212599046;B
20240426;102704;581;100;10212599047;B
20240426;102704;581;1;10212599048;B
20240426;102704;581;70;10212599049;B
20240426;102704;581;70;10212599050;B
20240426;102704;581;37;10212599051;B
20240426;102704;581;3;10212599052;B
20240426;102704;581;1;10212599053;B
20240426;102704;581;1;10212599054;B
20240426;102704;581;400;10212599055;B
20240426;102704;581;7;10212599056;B
20240426;102704;581;5;10212599057;B
20240426;102704;581;1;10212599058;B
20240426;102704;581;2;10212599059;B
20240426;102704;581;24;10212599060;B
20240426;102704;581;300;10212599061;S
20240426;102704;581;500;10212599062;S
20240426;102704;581;100;10212599063;S
20240426;102704;581;200;10212599064;S
20240426;102704;581;100;10212599065;S
20240426;102704;581.05;6;10212599066;B
20240426;102704;581.05;5;10212599067;B
20240426;102704;581.05;1;10212599068;B
20240426;102704;581.05;1;10212599069;B
20240426;102704;581.05;87;10212599070;B
20240426;102704;581.05;13;10212599095;B
20240426;102704;581.05;25;10212599096;B
20240426;102704;581.05;62;10212599097;B
20240426;102705;581.05;100;10212599126;B
20240426;102706;581;1;10212599228;S
20240426;102706;581.05;1;10212599267;B
20240426;102707;581.05;30;10212599346;B
20240426;102708;581;3;10212599374;S
20240426;102708;581.05;1;10212599454;B
20240426;102710;581;1;10212599581;S
20240426;102712;581;69;10212599684;S
20240426;102712;581;500;10212599685;S
20240426;102712;581;41;10212599704;B
20240426;102712;581;173;10212599705;B
20240426;102712;581;286;10212599706;B
20240426;102712;581;327;10212599719;B
20240426;102712;581;173;10212599720;B
20240426;102715;581.05;806;10212599982;B
20240426;102715;581.05;694;10212599983;B
20240426;102716;581.05;3;10212600038;B
20240426;102716;581.05;103;10212600043;B
20240426;102716;581.05;1;10212600044;B
20240426;102716;581.05;207;10212600045;B
20240426;102716;581.05;8;10212600046;B
20240426;102716;581.05;131;10212600047;B
20240426;102721;581.05;1;10212600533;B
20240426;102722;581;20;10212600646;S
20240426;102723;581.05;3;10212600673;B
20240426;102723;581.05;1;10212600709;B
20240426;102724;581.05;37;10212600807;B
20240426;102724;581.05;63;10212600808;B
20240426;102724;581;1;10212600826;S
20240426;102725;581.05;10;10212600850;B
20240426;102725;581;1;10212600857;S
20240426;102726;581.05;64;10212601023;B
20240426;102726;581;1;10212601068;S
20240426;102727;581.05;5;10212601166;B
20240426;102727;581;1;10212601182;S
20240426;102727;581.05;25;10212601204;B
20240426;102730;581;1;10212601790;S
20240426;102734;581.05;4;10212602152;B
20240426;102734;581.05;45;10212602166;B
20240426;102737;581;6;10212602493;S
20240426;102737;581.05;35;10212602533;B
20240426;102738;581.05;1;10212602570;B
20240426;102738;581.05;1;10212602573;B
20240426;102738;581;7;10212602617;S
20240426;102738;581.05;1;10212602618;B
20240426;102739;581.05;80;10212602633;B
20240426;102740;581;3;10212602785;S
20240426;102740;581;1;10212602831;S
20240426;102740;581.05;1;10212602835;B
20240426;102740;581;18;10212602846;S
20240426;102741;581.05;5;10212602849;B
20240426;102741;581.05;5;10212602850;B
20240426;102742;581;60;10212602960;S
20240426;102742;581;10;10212602961;S
20240426;102742;581;230;10212602962;S
20240426;102742;581.05;2;10212602965;B
20240426;102745;581.05;300;10212603190;B
20240426;102747;581;4;10212603318;S
20240426;102747;581;14;10212603319;S
20240426;102747;581;2;10212603320;S
20240426;102751;581;7;10212603668;S
20240426;102753;581.05;20;10212603763;B
20240426;102755;581.05;1;10212603856;B
20240426;102756;581;7;10212603944;S
20240426;102756;581.05;2;10212603946;B
20240426;102757;581.05;1;10212604032;B
20240426;102800;581.05;1;10212604233;B
20240426;102800;581.05;173;10212604242;B
20240426;102800;581.05;6;10212604243;B
20240426;102800;581.05;18;10212604272;B
20240426;102801;581.05;3;10212604357;B
20240426;102802;581;50;10212604458;S
20240426;102804;581;13;10212604653;S
20240426;102804;581;20;10212604675;S
20240426;102804;581;126;10212604676;S
20240426;102805;581.05;25;10212604725;B
20240426;102805;581.05;2;10212604733;B
20240426;102807;581.05;1;10212604833;B
20240426;102807;581.05;1;10212604845;B
20240426;102808;581.05;20;10212604891;B
20240426;102810;581.05;2;10212605162;B
20240426;102812;581;5;10212605367;S
20240426;102813;581.05;46;10212605456;B
20240426;102813;581.05;1;10212605457;B
20240426;102813;581.05;1;10212605458;B
20240426;102813;581.05;294;10212605459;B
20240426;102814;581.05;10;10212605542;B
20240426;102814;581.05;1;10212605580;B
20240426;102815;581.05;7;10212605610;B
20240426;102815;581.05;19;10212605637;B
20240426;102815;581.05;10;10212605674;B
20240426;102817;581;95;10212605766;S
20240426;102817;581;10;10212605767;S
20240426;102817;581;5;10212605768;S
20240426;102817;581;1;10212605769;S
20240426;102817;581;1;10212605770;S
20240426;102817;581;104;10212605771;S
20240426;102818;581.05;7;10212605857;B
20240426;102818;581;24;10212605858;S
20240426;102819;581.05;15;10212605955;B
20240426;102819;581;4;10212605960;S
20240426;102819;581;72;10212605976;S
20240426;102819;581;40;10212605977;S
20240426;102819;581;5;10212605978;S
20240426;102819;581;10;10212605979;S
20240426;102819;581;216;10212605980;S
20240426;102820;581.05;18;10212606082;B
20240426;102821;581.05;6;10212606087;B
20240426;102821;581.05;44;10212606088;B
20240426;102822;581.05;128;10212606150;B
20240426;102822;581.05;16;10212606151;B
20240426;102823;581.05;14;10212606199;B
20240426;102824;581.05;18;10212606296;B
20240426;102824;581;1;10212606312;S
20240426;102824;581.05;5;10212606321;B
20240426;102824;581;1;10212606366;S
20240426;102824;581;3;10212606367;S
20240426;102825;581;1;10212606444;S
20240426;102826;581;20;10212606454;S
20240426;102827;581.05;1;10212606561;B
20240426;102828;581;2;10212606674;S
20240426;102829;581;4;10212606705;S
20240426;102831;581.05;1;10212606899;B
20240426;102832;581.05;1;10212606990;B
20240426;102834;581.05;69;10212607122;B
20240426;102834;581.05;2;10212607138;B
20240426;102835;581;70;10212607167;S
20240426;102835;581;30;10212607168;S
20240426;102836;581.05;159;10212607238;B
20240426;102836;581.05;41;10212607239;B
20240426;102840;581;500;10212607609;S
20240426;102840;581;100;10212607610;S
20240426;102840;581;5;10212607618;B
20240426;102840;581;500;10212607623;B
20240426;102841;581;500;10212607651;B
20240426;102841;581;500;10212607669;B
20240426;102841;581;117;10212607700;B
20240426;102841;581;383;10212607701;B
20240426;102842;581;2;10212607756;S
20240426;102842;581.05;1;10212607778;B
20240426;102842;581;20;10212607781;S
20240426;102845;581.05;1;10212607984;B
20240426;102845;581.05;22;10212607995;B
20240426;102845;581.05;8;10212607996;B
20240426;102845;581;78;10212608008;S
20240426;102845;581;474;10212608009;S
20240426;102845;580.95;100;10212608010;S
20240426;102845;580.95;2;10212608011;S
20240426;102845;580.95;74;10212608012;S
20240426;102845;580.9;1000;10212608013;S
20240426;102845;580.9;5;10212608014;S
20240426;102845;580.9;2;10212608015;S
20240426;102845;580.9;100;10212608016;S
20240426;102846;580.9;5;10212608041;B
20240426;102846;580.85;1;10212608101;S
20240426;102849;580.9;98;10212608337;B
20240426;102849;580.9;5;10212608355;B
20240426;102850;580.85;1;10212608456;S
20240426;102851;580.9;1;10212608483;B
20240426;102851;580.9;1;10212608486;B
20240426;102854;580.9;173;10212608744;B
20240426;102855;580.95;5;10212608801;B
20240426;102858;580.95;1;10212609008;B
20240426;102858;580.95;1;10212609016;B
20240426;102859;580.95;1;10212609061;B
20240426;102900;580.95;3;10212609097;B
20240426;102900;580.95;1;10212609143;B
20240426;102901;580.95;6;10212609215;B
20240426;102901;580.95;24;10212609216;B
20240426;102901;580.9;6;10212609226;S
20240426;102902;580.95;20;10212609353;B
20240426;102904;580.95;1;10212609507;B
20240426;102904;580.95;4;10212609546;B
20240426;102904;580.95;1;10212609555;B
20240426;102904;580.95;1;10212609590;B
20240426;102905;580.9;63;10212609609;S
20240426;102905;580.95;2;10212609634;B
20240426;102906;580.95;1;10212609807;B
20240426;102906;580.95;1;10212609810;B
20240426;102906;580.9;1;10212609847;S
20240426;102907;580.9;1;10212610000;S
20240426;102908;580.95;104;10212610025;B
20240426;102909;580.9;2;10212610144;S
20240426;102911;580.9;6;10212610296;S
20240426;102913;580.95;1;10212610445;B
20240426;102914;580.9;5;10212610531;S
20240426;102915;580.95;7;10212610646;B
20240426;102916;580.95;2;10212610718;B
20240426;102916;580.95;2;10212610719;B
20240426;102916;581;1;10212610752;B
20240426;102917;580.95;4;10212610850;S
20240426;102917;581;16;10212610857;B
20240426;102918;580.95;1;10212610951;S
20240426;102919;580.95;1;10212611008;S
20240426;102920;580.95;4;10212611121;S
20240426;102921;580.95;1;10212611276;S
20240426;102922;580.95;6;10212611311;S
20240426;102923;580.95;1;10212611421;S
20240426;102925;581;40;10212611538;B
20240426;102925;580.95;1;10212611557;S
20240426;102925;581;1;10212611574;B
20240426;102925;580.95;5;10212611580;S
20240426;102926;581;20;10212611638;B
20240426;102929;580.95;2;10212611802;S
20240426;102929;581;1;10212611868;B
20240426;102930;581;1;10212611886;B
20240426;102931;581;15;10212611979;B
20240426;102932;580.95;1;10212612004;S
20240426;102933;580.95;1;10212612117;S
20240426;102933;580.95;1;10212612157;S
20240426;102934;581;17;10212612215;B
20240426;102935;580.95;4;10212612315;B
