<DATE>;<TIME>;<LAST>;<VOL>;<ID>;<OPER>
20240410;095949;568.5;1;10083879539;S
20240410;095949;568.5;1;10083879540;B
20240410;095949;568.5;1;10083879541;B
20240410;095949;568.5;3;10083879542;B
20240410;095949;568.5;2;10083879543;B
20240410;095949;568.5;4;10083879544;B
20240410;095949;568.5;3;10083879545;S
20240410;095949;568.5;2;10083879546;S
20240410;095949;568.5;1;10083879547;S
20240410;095949;568.5;2;10083879548;B
20240410;095949;568.5;2;10083879549;S
20240410;095949;568.5;1;10083879550;S
20240410;095949;568.5;1;10083879551;S
20240410;095949;568.5;5;10083879552;S
20240410;095949;568.5;9;10083879553;S
20240410;095949;568.5;14;10083879554;S
20240410;095949;568.5;25;10083879555;S
20240410;095949;568.5;4;10083879556;S
20240410;095949;568.5;5;10083879557;S
20240410;095949;568.5;1;10083879558;S
20240410;095949;568.5;1;10083879559;S
20240410;095949;568.5;1;10083879560;B
20240410;095949;568.5;1;10083879561;S
20240410;095949;568.5;12;10083879562;S
20240410;095949;568.5;16;10083879563;B
20240410;095949;568.5;6;10083879564;B
20240410;095949;568.5;3;10083879565;B
20240410;095949;568.5;42;10083879566;S
20240410;095949;568.5;1;10083879567;B
20240410;095949;568.5;1;10083879568;B
20240410;095949;568.5;10;10083879569;B
20240410;095949;568.5;13;10083879570;B
20240410;095949;568.5;5;10083879571;B
20240410;095949;568.5;3;10083879572;B
20240410;095949;568.5;10;10083879573;B
20240410;095949;568.5;1;10083879574;B
20240410;095949;568.5;1;10083879575;B
20240410;095949;568.5;184;10083879576;B
20240410;095949;568.5;1;10083879577;B
20240410;095949;568.5;251;10083879578;B
20240410;095949;568.5;1;10083879579;S
20240410;095949;568.5;10;10083879580;B
20240410;095949;568.5;1;10083879581;S
20240410;095949;568.5;6;10083879582;S
20240410;095949;568.5;3;10083879583;S
20240410;095949;568.5;56;10083879584;B
20240410;095949;568.5;3;10083879585;B
20240410;095949;568.5;14;10083879586;B
20240410;095949;568.5;268;10083879587;B
20240410;095949;568.5;10;10083879588;B
20240410;095949;568.5;35;10083879589;B
20240410;095949;568.5;2;10083879590;B
20240410;095949;568.5;2;10083879591;B
20240410;095949;568.5;2;10083879592;B
20240410;095949;568.5;2;10083879593;B
20240410;095949;568.5;2;10083879594;B
20240410;095949;568.5;2;10083879595;B
20240410;095949;568.5;1;10083879596;B
20240410;095949;568.5;1;10083879597;B
20240410;095949;568.5;2;10083879598;B
20240410;095949;568.5;2;10083879599;B
20240410;095949;568.5;2;10083879600;B
20240410;095949;568.5;2;10083879601;B
20240410;095949;568.5;1;10083879602;B
20240410;095949;568.5;2;10083879603;B
20240410;095949;568.5;2;10083879604;B
20240410;095949;568.5;1;10083879605;B
20240410;095949;568.5;1;10083879606;B
20240410;095949;568.5;1;10083879607;B
20240410;095949;568.5;2;10083879608;B
20240410;095949;568.5;2;10083879609;B
20240410;095949;568.5;1;10083879610;B
20240410;095949;568.5;1;10083879611;B
20240410;095949;568.5;3;10083879612;B
20240410;095949;568.5;1;10083879613;B
20240410;095949;568.5;1;10083879614;B
20240410;095949;568.5;1;10083879615;B
20240410;095949;568.5;2;10083879616;B
20240410;095949;568.5;50;10083879617;B
20240410;095949;568.5;1;10083879618;B
20240410;095949;568.5;1;10083879619;B
20240410;095949;568.5;1;10083879620;B
20240410;095949;568.5;2;10083879621;B
20240410;095949;568.5;2;10083879622;B
20240410;095949;568.5;2;10083879623;B
20240410;095949;568.5;1;10083879624;B
20240410;095949;568.5;1;10083879625;B
20240410;095949;568.5;1;10083879626;B
20240410;095949;568.5;2;10083879627;B
20240410;095949;568.5;1;10083879628;B
20240410;095949;568.5;5;10083879629;B
20240410;095949;568.5;1;10083879630;B
20240410;095949;568.5;5;10083879631;B
20240410;095949;568.5;49;10083879632;B
20240410;095949;568.5;3;10083879633;B
20240410;095949;568.5;2;10083879634;B
20240410;095949;568.5;2;10083879635;S
20240410;095949;568.5;50;10083879636;S
20240410;095949;568.5;194;10083879637;S
20240410;095949;568.5;206;10083879638;B
20240410;095949;568.5;94;10083879639;B
20240410;095949;568.5;3;10083879640;S
20240410;095949;568.5;3;10083879641;S
20240410;095949;568.5;8;10083879642;S
20240410;095949;568.5;1;10083879643;S
20240410;095949;568.5;1;10083879644;S
20240410;095949;568.5;1;10083879645;S
20240410;095949;568.5;41;10083879646;S
20240410;095949;568.5;2;10083879647;B
20240410;095949;568.5;2;10083879648;B
20240410;095949;568.5;2;10083879649;B
20240410;100003;568.55;50;10083885361;S
20240410;100003;568.5;5;10083885393;S
20240410;100004;568.85;3;10083885865;B
20240410;100005;568.5;1;10083886075;S
20240410;100005;568.5;4;10083886150;S
20240410;100005;568.5;2;10083886193;S
20240410;100005;568.85;1;10083886195;B
20240410;100005;568.85;1;10083886196;B
20240410;100005;568.55;1;10083886205;S
20240410;100005;568.85;1;10083886213;B
20240410;100005;568.85;2;10083886216;B
20240410;100005;568.85;1;10083886233;B
20240410;100005;568.9;1;10083886241;B
20240410;100005;568.55;2;10083886243;S
20240410;100005;568.55;2;10083886249;S
20240410;100005;568.85;1;10083886255;B
20240410;100005;568.55;2;10083886365;S
20240410;100005;568.85;2;10083886368;B
20240410;100005;568.85;1;10083886372;B
20240410;100005;568.85;3;10083886376;B
20240410;100005;568.55;2;10083886684;S
20240410;100005;568.55;2;10083886687;S
20240410;100005;568.85;1;10083886690;B
20240410;100005;568.55;2;10083886695;S
20240410;100005;568.55;2;10083886697;S
20240410;100005;568.85;1;10083886703;B
20240410;100005;568.55;2;10083886706;S
20240410;100005;568.85;1;10083886709;B
20240410;100005;568.55;1;10083886713;S
20240410;100005;568.85;1;10083886730;B
20240410;100005;568.55;2;10083886740;S
20240410;100005;568.85;1;10083886745;B
20240410;100005;568.55;12;10083886778;S
20240410;100005;568.55;2;10083886783;S
20240410;100005;568.85;2;10083886788;B
20240410;100005;568.85;5;10083886795;B
20240410;100005;568.5;2;10083886799;S
20240410;100005;568.5;39;10083886808;S
20240410;100005;568.5;12;10083886809;S
20240410;100005;568.5;50;10083886810;S
20240410;100005;568.5;2;10083886811;S
20240410;100005;568.5;2;10083886812;S
20240410;100005;568.5;2;10083886813;S
20240410;100005;568.5;2;10083886814;S
20240410;100005;568.5;1;10083886815;S
20240410;100005;568.5;2;10083886816;S
20240410;100005;568.5;1;10083886817;S
20240410;100005;568.5;1;10083886818;S
20240410;100005;568.5;2;10083886819;S
20240410;100005;568.5;9;10083886820;S
20240410;100005;568.45;176;10083886821;S
20240410;100005;568.45;9;10083886822;S
20240410;100005;568.45;2;10083886824;S
20240410;100005;568.85;1;10083886829;B
20240410;100005;568.45;2;10083887004;S
20240410;100005;568.45;1;10083887007;S
20240410;100005;568.75;1;10083887022;B
20240410;100005;568.45;2;10083887023;S
20240410;100005;568.45;2;10083887029;S
20240410;100005;568.45;2;10083887032;S
20240410;100005;568.45;2;10083887036;S
20240410;100005;568.75;5;10083887037;B
20240410;100005;568.45;2;10083887040;S
20240410;100005;568.45;2;10083887041;S
20240410;100005;568.45;2;10083887046;S
20240410;100005;568.75;10;10083887122;B
20240410;100005;568.45;10;10083887493;S
20240410;100005;568.75;1;10083887496;B
20240410;100005;568.45;2;10083887497;S
20240410;100005;568.75;2;10083887501;B
20240410;100005;568.45;5;10083887502;S
20240410;100005;568.75;1;10083887505;B
20240410;100005;568.75;1;10083887523;B
20240410;100005;568.75;1;10083887524;B
20240410;100005;568.45;1;10083887526;S
20240410;100005;568.4;2;10083887527;S
20240410;100005;568.4;1;10083887528;S
20240410;100005;568.4;1;10083887531;S
20240410;100005;568.4;1;10083887532;S
20240410;100005;568.75;2;10083887536;B
20240410;100005;568.4;1;10083887537;S
20240410;100005;568.4;1;10083887538;S
20240410;100005;568.4;1;10083887541;S
20240410;100005;568.4;1;10083887543;S
20240410;100005;568.4;1;10083887554;S
20240410;100005;568.4;1;10083887555;S
20240410;100005;568.4;1;10083887556;S
20240410;100005;568.4;1;10083887557;S
20240410;100005;568.75;1;10083887767;B
20240410;100005;568.75;1;10083887770;B
20240410;100005;568.4;2;10083887771;S
20240410;100005;568.75;1;10083887776;B
20240410;100005;568.4;1;10083887777;S
20240410;100005;568.4;3;10083887778;S
20240410;100005;568.4;1;10083887779;S
20240410;100005;568.4;1;10083887780;S
20240410;100005;568.4;3;10083887781;S
20240410;100005;568.4;11;10083887782;S
20240410;100005;568.75;1;10083887784;B
20240410;100005;568.4;1;10083887788;S
20240410;100005;568.75;1;10083887790;B
20240410;100005;568.4;1;10083887793;S
20240410;100005;568.4;2;10083887794;S
20240410;100005;568.4;2;10083887797;S
20240410;100005;568.75;1;10083887800;B
20240410;100005;568.75;2;10083887808;B
20240410;100005;568.75;1;10083887811;B
20240410;100005;568.75;2;10083887815;B
20240410;100005;568.8;98;10083887816;B
20240410;100005;568.4;2;10083887817;S
20240410;100006;568.4;2;10083888004;S
20240410;100006;568.4;1;10083888007;S
20240410;100006;568.4;1;10083888009;S
20240410;100006;568.75;1;10083888011;B
20240410;100006;568.75;2;10083888023;B
20240410;100006;568.45;2;10083888025;S
20240410;100006;568.45;2;10083888031;S
20240410;100006;568.75;2;10083888035;B
20240410;100006;568.45;1;10083888040;S
20240410;100006;568.45;1;10083888041;S
20240410;100006;568.75;1;10083888045;B
20240410;100006;568.75;1;10083888050;B
20240410;100006;568.75;1;10083888072;B
20240410;100006;568.45;2;10083888073;S
20240410;100006;568.75;1;10083888080;B
20240410;100006;568.45;2;10083888082;S
20240410;100006;568.75;10;10083888086;B
20240410;100006;568.45;2;10083888089;S
20240410;100006;568.45;3;10083888090;S
20240410;100006;568.45;2;10083888093;S
20240410;100006;568.75;1;10083888094;B
20240410;100006;568.45;4;10083888247;S
20240410;100006;568.75;1;10083888248;B
20240410;100006;568.45;2;10083888250;S
20240410;100006;568.45;1;10083888252;S
20240410;100006;568.45;1;10083888253;S
20240410;100006;568.45;2;10083888255;S
20240410;100006;568.75;1;10083888256;B
20240410;100006;568.45;1;10083888258;S
20240410;100006;568.45;2;10083888509;S
20240410;100006;568.45;1;10083888510;S
20240410;100006;568.75;1;10083888511;B
20240410;100006;568.75;1;10083888514;B
20240410;100006;568.45;1;10083888515;S
20240410;100006;568.45;2;10083888517;S
20240410;100006;568.75;1;10083888519;B
20240410;100006;568.75;10;10083888521;B
20240410;100006;568.8;15;10083888522;B
20240410;100006;568.8;15;10083888523;B
20240410;100006;568.8;2;10083888525;B
20240410;100006;568.45;1;10083888532;S
20240410;100006;568.4;2;10083888533;S
20240410;100006;568.75;1;10083888535;B
20240410;100006;568.75;1;10083888536;B
20240410;100006;568.45;1;10083888539;S
20240410;100006;568.75;1;10083888540;B
20240410;100006;568.75;2;10083888541;B
20240410;100006;568.75;1;10083888542;B
20240410;100006;568.45;1;10083888674;S
20240410;100006;568.45;1;10083888675;S
20240410;100006;568.75;1;10083888678;B
20240410;100006;568.45;1;10083888679;S
20240410;100006;568.75;1;10083888695;B
20240410;100006;568.45;4;10083888696;S
20240410;100006;568.75;7;10083888699;B
20240410;100006;568.75;1;10083888710;B
20240410;100006;568.75;1;10083888711;B
20240410;100006;568.45;1;10083888712;S
20240410;100006;568.45;2;10083889043;S
20240410;100006;568.45;2;10083889046;S
20240410;100006;568.75;2;10083889049;B
20240410;100006;568.45;2;10083889053;S
20240410;100006;568.75;1;10083889058;B
20240410;100006;568.45;2;10083889061;S
20240410;100006;568.75;1;10083889149;B
20240410;100006;568.45;1;10083889152;S
20240410;100006;568.45;3;10083889154;S
20240410;100006;568.45;1;10083889156;S
20240410;100006;568.75;1;10083889159;B
20240410;100006;568.75;1;10083889160;B
20240410;100006;568.75;1;10083889162;B
20240410;100006;568.45;2;10083889164;S
20240410;100006;568.45;1;10083889167;S
20240410;100006;568.75;1;10083889169;B
20240410;100006;568.75;1;10083889171;B
20240410;100006;568.45;10;10083889247;S
20240410;100006;568.4;40;10083889248;S
20240410;100006;568.4;55;10083889257;S
20240410;100006;568.45;2;10083889524;S
20240410;100006;568.75;3;10083889525;B
20240410;100006;568.75;1;10083889526;B
20240410;100006;568.45;2;10083889527;S
20240410;100006;568.45;2;10083889528;S
20240410;100006;568.45;2;10083889530;S
20240410;100006;568.45;1;10083889531;S
20240410;100006;568.45;2;10083889533;S
20240410;100006;568.45;1;10083889534;S
20240410;100007;568.45;2;10083889780;S
20240410;100007;568.45;3;10083889781;S
20240410;100007;568.75;1;10083889782;B
20240410;100007;568.45;2;10083889783;S
20240410;100007;568.45;2;10083889784;S
20240410;100007;568.4;2;10083889785;S
20240410;100007;568.4;2;10083889786;S
20240410;100007;568.75;1;10083889787;B
20240410;100007;568.4;1;10083889788;S
20240410;100007;568.75;1;10083889789;B
20240410;100007;568.75;2;10083889790;B
20240410;100007;568.4;4;10083890184;S
20240410;100007;568.75;2;10083890186;B
20240410;100007;568.4;1;10083890187;S
20240410;100007;568.4;2;10083890188;S
20240410;100007;568.4;2;10083890205;S
20240410;100007;568.4;2;10083890206;S
20240410;100007;568.75;1;10083890207;B
20240410;100007;568.4;2;10083890208;S
20240410;100007;568.75;3;10083890209;B
20240410;100007;568.4;1;10083890210;S
20240410;100007;568.4;2;10083890211;S
20240410;100007;568.75;30;10083890213;B
20240410;100007;568.8;22;10083890214;B
20240410;100007;568.8;18;10083890215;B
20240410;100007;568.4;3;10083890223;S
20240410;100007;568.45;3;10083890225;S
20240410;100007;568.75;1;10083890619;B
20240410;100007;568.45;2;10083890622;S
20240410;100007;568.45;1;10083890623;S
20240410;100007;568.45;4;10083890624;S
20240410;100007;568.75;1;10083890626;B
20240410;100007;568.75;2;10083890627;B
20240410;100007;568.75;1;10083890628;B
20240410;100007;568.45;2;10083890630;S
20240410;100007;568.45;1;10083890631;S
20240410;100007;568.75;2;10083890632;B
20240410;100007;568.45;2;10083890730;S
20240410;100007;568.45;2;10083890731;S
20240410;100007;568.75;4;10083890737;B
20240410;100007;568.45;1;10083890738;S
20240410;100007;568.45;1;10083890739;S
20240410;100007;568.45;1;10083890740;S
20240410;100007;568.45;2;10083890741;S
20240410;100007;568.75;1;10083890742;B
20240410;100007;568.45;2;10083890743;S
20240410;100007;568.75;1;10083890744;B
20240410;100007;568.75;4;10083890745;B
20240410;100007;568.75;1;10083890746;B
20240410;100007;568.75;3;10083890747;B
20240410;100007;568.45;1;10083890748;S
20240410;100008;568.75;4;10083890913;B
20240410;100008;568.45;2;10083890915;S
20240410;100008;568.75;1;10083890916;B
20240410;100008;568.45;1;10083890917;S
20240410;100008;568.45;2;10083890918;S
20240410;100008;568.45;2;10083890919;S
20240410;100008;568.75;2;10083890920;B
20240410;100008;568.45;2;10083890921;S
20240410;100008;568.45;1;10083890922;S
20240410;100008;568.45;1;10083890923;S
20240410;100008;568.45;2;10083890924;S
20240410;100008;568.75;1;10083890925;B
20240410;100008;568.75;1;10083890926;B
20240410;100008;568.45;2;10083890927;S
20240410;100008;568.75;2;10083890928;B
20240410;100008;568.75;1;10083890929;B
20240410;100008;568.45;5;10083891117;S
20240410;100008;568.45;1;10083891129;S
20240410;100008;568.75;2;10083891212;B
20240410;100008;568.8;43;10083891213;B
20240410;100008;568.85;5;10083891214;B
20240410;100008;568.45;2;10083891221;S
20240410;100008;568.45;7;10083891290;S
20240410;100008;568.45;2;10083891295;S
20240410;100008;568.45;2;10083891302;S
20240410;100008;568.45;1;10083891304;S
20240410;100008;568.45;1;10083891307;S
20240410;100009;568.45;2;10083891312;S
20240410;100009;568.8;1;10083891319;B
20240410;100009;568.8;6;10083891322;B
20240410;100009;568.8;1;10083891326;B
20240410;100009;568.45;2;10083891328;S
20240410;100009;568.8;1;10083891330;B
20240410;100009;568.45;2;10083891589;S
20240410;100009;568.45;5;10083891590;S
20240410;100009;568.8;2;10083891591;B
20240410;100009;568.45;1;10083891595;S
20240410;100010;568.45;1;10083891804;S
20240410;100010;568.45;1;10083891844;S
20240410;100010;568.45;16;10083892025;S
20240410;100010;568.8;4;10083892118;B
20240410;100011;568.45;1;10083892367;S
20240410;100012;568.8;2;10083892632;B
20240410;100012;568.45;1;10083892706;S
20240410;100012;568.5;1;10083892808;S
20240410;100013;568.55;88;10083892907;B
20240410;100013;568.6;19;10083892908;B
20240410;100013;568.65;36;10083892909;B
20240410;100013;568.85;172;10083892910;B
20240410;100013;568.95;85;10083892911;B
20240410;100015;568.9;2;10083893446;B
20240410;100019;568.5;3;10083894608;S
20240410;100019;568.7;2;10083894651;B
20240410;100019;568.45;4;10083894660;S
20240410;100019;568.45;18;10083894661;S
20240410;100019;568.4;23;10083894662;S
20240410;100021;568.4;2;10083895191;S
20240410;100022;568.55;35;10083895603;B
20240410;100022;568.6;15;10083895604;B
20240410;100023;568.55;2;10083895731;B
20240410;100023;568.4;3;10083895774;S
20240410;100025;568.55;4;10083896123;B
20240410;100025;568.55;2;10083896134;B
20240410;100025;568.55;20;10083896149;B
20240410;100026;568.45;49;10083896369;S
20240410;100027;568.55;1;10083896597;B
20240410;100027;568.5;28;10083896668;S
20240410;100027;568.5;13;10083896687;S
20240410;100027;568.5;14;10083896714;S
20240410;100027;568.55;3;10083896798;B
20240410;100027;568.6;21;10083896799;B
20240410;100027;568.65;76;10083896800;B
20240410;100028;568.75;1;10083896945;B
20240410;100028;568.6;28;10083896986;S
20240410;100028;568.6;56;10083897011;S
20240410;100028;568.75;1;10083897267;B
20240410;100029;568.55;8;10083897307;S
20240410;100030;568.7;8;10083897527;B
20240410;100030;568.75;92;10083897528;B
20240410;100031;568.75;46;10083897704;B
20240410;100031;568.75;4;10083897705;B
20240410;100031;568.45;28;10083897902;S
20240410;100031;568.45;8;10083897933;B
20240410;100032;568.5;1;10083898077;B
20240410;100034;568.5;50;10083898301;B
20240410;100034;568.5;9;10083898307;B
20240410;100034;568.5;9;10083898311;B
20240410;100036;568.5;30;10083898803;B
20240410;100038;568.45;19;10083899184;S
20240410;100038;568.5;41;10083899222;B
20240410;100038;568.5;320;10083899223;B
20240410;100038;568.5;1;10083899270;B
20240410;100040;568.45;4;10083899568;S
20240410;100041;568.5;1;10083899726;B
20240410;100042;568.5;1;10083900024;B
20240410;100043;568.5;5;10083900181;B
20240410;100043;568.5;34;10083900244;B
20240410;100045;568.5;1;10083900550;B
20240410;100046;568.45;25;10083900812;S
20240410;100046;568.5;1;10083900908;B
20240410;100047;568.5;31;10083901077;B
20240410;100047;568.5;26;10083901078;B
20240410;100047;568.5;140;10083901079;B
20240410;100050;568.55;28;10083901837;B
20240410;100050;568.55;140;10083901838;B
20240410;100050;568.6;7;10083901839;B
20240410;100051;568.55;4;10083901926;B
20240410;100052;568.5;2;10083902194;S
20240410;100052;568.5;1;10083902289;S
20240410;100052;568.55;1;10083902404;B
20240410;100053;568.5;2;10083902486;S
20240410;100053;568.55;135;10083902528;B
20240410;100053;568.6;5;10083902529;B
20240410;100058;568.55;1;10083903616;B
20240410;100058;568.55;15;10083903654;B
20240410;100058;568.55;124;10083903771;B
20240410;100058;568.6;6;10083903772;B
20240410;100058;568.55;1;10083903810;B
20240410;100100;568.5;29;10083904023;S
20240410;100100;568.55;8;10083904145;B
20240410;100101;568.55;1;10083904442;B
20240410;100102;568.55;1;10083904662;B
20240410;100103;568.5;3;10083904719;S
20240410;100103;568.55;1;10083904890;B
20240410;100104;568.5;66;10083904979;S
20240410;100104;568.5;144;10083904980;S
20240410;100104;568.5;1;10083904981;S
20240410;100104;568.5;2;10083904982;S
20240410;100104;568.5;7;10083904983;S
20240410;100106;568.5;1;10083905368;B
20240410;100107;568.5;10;10083905427;B
20240410;100107;568.5;10;10083905510;B
20240410;100107;568.5;5;10083905554;B
20240410;100107;568.5;2;10083905600;B
20240410;100108;568.5;500;10083905676;B
20240410;100108;568.5;6;10083905686;B
20240410;100108;568.5;4;10083905713;B
20240410;100110;568.45;52;10083906017;S
20240410;100110;568.45;31;10083906018;S
20240410;100111;568.45;2;10083906241;S
20240410;100111;568.5;2;10083906284;B
20240410;100111;568.45;1;10083906386;S
20240410;100114;568.5;2;10083906746;B
20240410;100115;568.5;50;10083906993;B
20240410;100115;568.5;1;10083907105;B
20240410;100116;568.5;1;10083907169;B
20240410;100117;568.45;2;10083907339;S
20240410;100117;568.5;4;10083907422;B
20240410;100117;568.45;14;10083907462;S
20240410;100117;568.45;176;10083907463;S
20240410;100117;568.4;55;10083907464;S
20240410;100118;568.45;17;10083907522;B
20240410;100118;568.45;50;10083907546;B
20240410;100118;568.45;1;10083907574;B
20240410;100118;568.45;1;10083907659;B
20240410;100119;568.45;9;10083907846;B
20240410;100120;568.4;100;10083907964;S
20240410;100120;568.45;31;10083907978;B
20240410;100121;568.4;10;10083908011;S
20240410;100121;568.4;3;10083908018;S
20240410;100122;568.4;11;10083908208;S
20240410;100122;568.4;5;10083908209;S
20240410;100122;568.4;68;10083908210;S
20240410;100122;568.4;3;10083908211;S
20240410;100122;568.4;1;10083908212;S
20240410;100122;568.4;1;10083908213;S
20240410;100122;568.4;1;10083908214;S
20240410;100122;568.4;2;10083908215;S
20240410;100122;568.4;1;10083908216;S
20240410;100122;568.4;1;10083908217;S
20240410;100122;568.4;1;10083908218;S
20240410;100122;568.4;5;10083908219;S
20240410;100122;568.4;2;10083908220;S
20240410;100122;568.4;1;10083908221;S
20240410;100122;568.4;3;10083908222;S
20240410;100122;568.4;5;10083908223;S
20240410;100122;568.4;1;10083908224;S
20240410;100122;568.4;1;10083908225;S
20240410;100122;568.4;2;10083908226;S
20240410;100122;568.4;1;10083908227;S
20240410;100122;568.4;1;10083908228;S
20240410;100122;568.4;1;10083908229;S
20240410;100122;568.4;1;10083908230;S
20240410;100122;568.4;2;10083908231;S
20240410;100122;568.4;8;10083908232;S
20240410;100122;568.4;2;10083908233;S
20240410;100122;568.4;2;10083908234;S
20240410;100122;568.4;14;10083908235;S
20240410;100122;568.4;2;10083908236;S
20240410;100122;568.4;1;10083908237;S
20240410;100122;568.4;1;10083908238;S
20240410;100122;568.4;4;10083908239;S
20240410;100122;568.4;2;10083908240;S
20240410;100122;568.4;2;10083908241;S
20240410;100122;568.4;70;10083908242;S
20240410;100122;568.4;4;10083908243;S
20240410;100122;568.4;2;10083908244;S
20240410;100122;568.4;548;10083908245;S
20240410;100122;568.4;1;10083908246;S
20240410;100122;568.4;1;10083908247;S
20240410;100122;568.4;3;10083908248;S
20240410;100122;568.4;1;10083908249;S
20240410;100122;568.4;1;10083908250;S
20240410;100122;568.4;2;10083908251;S
20240410;100122;568.4;2;10083908252;S
20240410;100122;568.4;1;10083908253;S
20240410;100122;568.35;6;10083908254;S
20240410;100122;568.35;35;10083908255;S
20240410;100122;568.35;1;10083908256;S
20240410;100123;568.35;12;10083908438;S
20240410;100124;568.3;1;10083908619;S
20240410;100127;568.4;33;10083909741;B
20240410;100127;568.4;140;10083909742;B
20240410;100127;568.4;144;10083909743;B
20240410;100127;568.45;31;10083909744;B
20240410;100127;568.45;35;10083909745;B
20240410;100128;568.5;50;10083909894;B
20240410;100128;568.5;7;10083909954;B
20240410;100129;568.45;1;10083910045;S
20240410;100132;568.45;3;10083910705;S
20240410;100132;568.45;40;10083910757;S
20240410;100134;568.5;525;10083910995;B
20240410;100134;568.5;1;10083910996;B
20240410;100134;568.5;30;10083910997;B
20240410;100134;568.5;140;10083910998;B
20240410;100134;568.5;395;10083910999;B
20240410;100134;568.5;144;10083911000;B
20240410;100134;568.55;140;10083911001;B
20240410;100134;568.55;34;10083911002;B
20240410;100134;568.6;140;10083911003;B
20240410;100134;568.75;200;10083911004;B
20240410;100134;568.8;331;10083911005;B
20240410;100134;568.6;300;10083911006;S
20240410;100134;568.6;200;10083911007;S
20240410;100134;568.6;35;10083911008;S
20240410;100134;568.45;65;10083911009;S
20240410;100135;568.6;2;10083911293;B
20240410;100140;568.5;30;10083912053;S
20240410;100141;568.6;1;10083912283;B
20240410;100145;568.45;5;10083912933;S
20240410;100145;568.45;1;10083912939;S
20240410;100146;568.5;1;10083913038;B
20240410;100146;568.55;2;10083913067;B
20240410;100146;568.55;11;10083913112;B
20240410;100146;568.55;2;10083913123;B
20240410;100146;568.55;125;10083913166;B
20240410;100146;568.55;38;10083913167;B
20240410;100146;568.6;137;10083913168;B
20240410;100146;568.6;35;10083913169;B
20240410;100146;568.65;140;10083913170;B
20240410;100146;568.7;176;10083913171;B
20240410;100146;568.75;395;10083913172;B
20240410;100146;568.75;144;10083913173;B
20240410;100146;568.8;810;10083913174;B
20240410;100150;568.65;3;10083913841;S
20240410;100151;568.65;34;10083914018;S
20240410;100153;568.65;10;10083914422;S
20240410;100156;568.65;2;10083914777;S
20240410;100157;568.7;1;10083914863;B
20240410;100157;568.7;2;10083914884;B
20240410;100157;568.65;3;10083914952;S
20240410;100158;568.7;20;10083915131;B
20240410;100159;568.7;117;10083915313;B
20240410;100159;568.75;38;10083915314;B
20240410;100159;568.75;140;10083915315;B
20240410;100200;568.85;1;10083915389;B
20240410;100206;568.85;75;10083916452;B
20240410;100207;568.85;3;10083916586;B
20240410;100209;568.8;1;10083916877;S
20240410;100209;568.85;4;10083916982;B
20240410;100210;568.8;1;10083917029;S
20240410;100210;568.8;2;10083917030;S
20240410;100210;568.75;10;10083917031;S
20240410;100210;568.8;42;10083917074;S
20240410;100210;568.8;84;10083917119;S
20240410;100210;568.8;55;10083917190;S
20240410;100210;568.8;44;10083917263;S
20240410;100210;568.8;28;10083917300;S
20240410;100210;568.8;447;10083917341;S
20240410;100210;568.75;1;10083917350;S
20240410;100210;568.75;194;10083917357;S
20240410;100210;568.65;35;10083917358;S
20240410;100210;568.6;10;10083917398;S
20240410;100210;568.6;39;10083917399;S
20240410;100211;568.5;5;10083917447;S
20240410;100211;568.5;4;10083917448;S
20240410;100211;568.5;25;10083917449;S
20240410;100211;568.45;97;10083917450;S
20240410;100211;568.5;12;10083917504;S
20240410;100211;568.45;127;10083917505;S
20240410;100211;568.55;144;10083917556;B
20240410;100211;568.55;37;10083917557;B
20240410;100211;568.6;37;10083917558;B
20240410;100211;568.6;100;10083917559;B
20240410;100211;568.65;35;10083917560;B
20240410;100211;568.65;147;10083917561;B
20240410;100213;568.5;3;10083917970;S
20240410;100213;568.5;3;10083918017;S
20240410;100214;568.55;3;10083918110;B
20240410;100214;568.5;3;10083918167;S
20240410;100214;568.5;2;10083918169;S
20240410;100214;568.5;2;10083918250;S
20240410;100215;568.55;1;10083918461;B
20240410;100216;568.55;1;10083918604;B
20240410;100217;568.45;578;10083918802;S
20240410;100217;568.4;5;10083918822;S
20240410;100217;568.4;35;10083918823;S
20240410;100217;568.3;5;10083918824;S
20240410;100217;568.3;1;10083918825;S
20240410;100217;568.3;5;10083918826;S
20240410;100217;568.3;149;10083918827;S
20240410;100219;568.4;100;10083919244;B
20240410;100220;568.3;105;10083919370;S
20240410;100220;568.3;2;10083919371;S
20240410;100220;568.3;2;10083919372;S
20240410;100220;568.3;1;10083919373;S
20240410;100220;568.3;9;10083919374;S
20240410;100220;568.3;2;10083919375;S
20240410;100220;568.3;1;10083919376;S
20240410;100220;568.3;50;10083919377;S
20240410;100221;568.2;1;10083919552;S
20240410;100221;568.2;1;10083919553;S
20240410;100221;568.2;1;10083919554;S
20240410;100221;568.2;1;10083919555;S
20240410;100221;568.15;26;10083919556;S
20240410;100221;568.2;1;10083919604;B
20240410;100221;568.2;175;10083919664;B
20240410;100221;568.2;125;10083919665;B
20240410;100223;568.25;11;10083920035;B
20240410;100226;568.15;95;10083920572;S
20240410;100226;568.15;1;10083920573;S
20240410;100226;568.15;20;10083920574;S
20240410;100226;568.15;12;10083920575;S
20240410;100226;568.15;1;10083920576;S
20240410;100226;568.1;1305;10083920577;S
20240410;100226;568.05;2;10083920578;S
20240410;100226;568;1;10083920579;S
20240410;100226;568;1;10083920580;S
20240410;100226;568;18;10083920581;S
20240410;100226;568;1;10083920582;S
20240410;100226;568;14;10083920583;S
20240410;100226;568;2;10083920584;S
20240410;100226;568;5;10083920585;S
20240410;100226;568;3;10083920586;S
20240410;100226;568;10;10083920587;S
20240410;100226;568;12;10083920588;S
20240410;100226;568;100;10083920589;S
20240410;100226;568;6;10083920590;S
20240410;100226;568;1091;10083920591;S
20240410;100226;568;5;10083920609;S
20240410;100226;568;904;10083920612;S
20240410;100226;568;1;10083920613;S
20240410;100226;568;1;10083920614;S
20240410;100226;568;1;10083920615;S
20240410;100226;568;2;10083920616;S
20240410;100226;568;1;10083920617;S
20240410;100226;568;40;10083920618;S
20240410;100226;568;25;10083920619;S
20240410;100226;568;9;10083920620;S
20240410;100226;568;5;10083920621;S
20240410;100227;567.95;4;10083920670;B
20240410;100227;567.9;3;10083920671;S
20240410;100227;567.9;1;10083920672;S
20240410;100227;567.9;1;10083920673;S
20240410;100227;567.85;5;10083920745;S
20240410;100227;567.8;1;10083920746;S
20240410;100227;567.8;19;10083920747;S
20240410;100227;567.8;1;10083920748;S
20240410;100227;567.8;2;10083920749;S
20240410;100227;567.75;1;10083920750;S
20240410;100227;567.75;37;10083920751;S
20240410;100227;567.7;20;10083920752;S
20240410;100227;567.65;1;10083920766;S
20240410;100227;567.65;1;10083920767;S
20240410;100227;567.65;3;10083920768;S
20240410;100227;567.65;32;10083920779;S
20240410;100227;567.65;25;10083920780;S
20240410;100227;567.6;140;10083920781;S
20240410;100227;567.6;37;10083920782;S
20240410;100227;567.55;5;10083920783;S
20240410;100227;567.55;61;10083920784;S
20240410;100233;567.85;1;10083921942;B
20240410;100234;567.85;2;10083922286;B
20240410;100235;567.7;4;10083922431;S
20240410;100235;567.7;2;10083922557;S
20240410;100236;567.95;17;10083922627;B
20240410;100236;567.95;1;10083922674;B
20240410;100237;567.95;1;10083922790;B
20240410;100237;567.95;1;10083922793;B
20240410;100237;567.95;5;10083922804;B
20240410;100238;567.9;3;10083922993;S
20240410;100238;567.9;1;10083923048;S
20240410;100239;567.95;1;10083923119;B
20240410;100239;567.95;1;10083923125;B
20240410;100241;567.9;2;10083923497;S
20240410;100242;567.95;3;10083923527;B
20240410;100242;568.05;2;10083923528;B
20240410;100242;568.05;5;10083923636;B
20240410;100246;568;20;10083924337;S
20240410;100247;568;50;10083924483;S
20240410;100249;568.05;1;10083924775;B
20240410;100250;568.05;2;10083924840;B
20240410;100250;568.05;27;10083924886;B
20240410;100250;568.1;176;10083924971;S
20240410;100250;568.1;124;10083924972;S
20240410;100250;568.15;1;10083924977;B
20240410;100252;568.1;2;10083925126;S
20240410;100253;568.15;10;10083925224;B
20240410;100255;568.2;1;10083925583;B
20240410;100259;568.2;1;10083926062;S
20240410;100300;568.2;143;10083926334;S
20240410;100300;568.2;34;10083926335;S
20240410;100300;568.2;13;10083926336;S
20240410;100302;568.25;20;10083926744;B
20240410;100302;568.25;85;10083926745;B
20240410;100303;568.15;8;10083926960;S
20240410;100304;568.15;10;10083927024;S
20240410;100305;568.15;2;10083927304;S
20240410;100305;568.15;124;10083927383;S
20240410;100305;568.15;100;10083927384;S
20240410;100305;568.1;22;10083927385;S
20240410;100305;568.1;1000;10083927386;S
20240410;100305;568.1;34;10083927387;S
20240410;100305;568.05;373;10083927388;S
20240410;100305;568.05;94;10083927389;S
20240410;100305;568.05;753;10083927390;S
20240410;100307;568.05;1;10083927681;S
20240410;100307;568.2;1;10083927686;B
20240410;100308;568.2;2;10083927722;B
20240410;100310;568.2;2;10083928010;B
20240410;100311;568.1;34;10083928136;S
20240410;100311;568.1;100;10083928137;S
20240410;100311;568.05;35;10083928138;S
20240410;100311;568.05;1;10083928139;S
20240410;100311;568.05;176;10083928140;S
20240410;100311;568;51;10083928141;S
20240410;100311;568;1000;10083928142;S
20240410;100311;567.95;1;10083928143;S
20240410;100311;567.95;144;10083928144;S
20240410;100311;567.95;396;10083928145;S
20240410;100311;567.85;1;10083928146;S
20240410;100311;567.85;561;10083928147;S
20240410;100311;567.95;1;10083928178;B
20240410;100311;567.75;176;10083928224;S
20240410;100311;567.7;14;10083928225;S
20240410;100311;567.7;396;10083928226;S
20240410;100311;567.7;44;10083928227;S
20240410;100311;567.7;1000;10083928228;S
20240410;100311;567.7;34;10083928229;S
20240410;100311;567.65;10;10083928230;S
20240410;100311;567.65;140;10083928231;S
20240410;100311;567.65;144;10083928232;S
20240410;100311;567.6;1;10083928233;S
20240410;100311;567.6;41;10083928234;S
20240410;100316;567.7;1;10083928965;B
20240410;100316;567.7;12;10083928999;B
20240410;100318;567.55;1;10083929256;S
20240410;100318;567.7;1;10083929259;B
20240410;100318;567.7;1;10083929262;B
20240410;100319;567.55;50;10083929415;S
20240410;100321;567.65;10;10083929740;B
20240410;100321;567.65;5;10083929741;B
20240410;100321;567.7;33;10083929742;B
20240410;100322;567.85;13;10083929999;B
20240410;100325;567.7;1;10083930687;S
20240410;100325;567.7;1;10083930749;S
20240410;100327;567.85;8;10083931041;B
20240410;100327;567.6;144;10083931093;S
20240410;100327;567.6;51;10083931094;S
20240410;100327;567.6;33;10083931095;S
20240410;100327;567.6;396;10083931096;S
20240410;100327;567.55;5;10083931097;S
20240410;100327;567.5;18;10083931151;S
20240410;100327;567.5;1;10083931152;S
20240410;100327;567.5;40;10083931153;S
20240410;100327;567.5;2;10083931154;S
20240410;100327;567.5;5;10083931155;S
20240410;100327;567.5;1;10083931156;S
20240410;100327;567.5;1;10083931157;S
20240410;100327;567.5;5;10083931158;S
20240410;100327;567.5;396;10083931159;S
20240410;100327;567.45;35;10083931160;S
20240410;100327;567.45;1;10083931161;S
20240410;100327;567.45;1;10083931162;S
20240410;100327;567.45;3;10083931163;S
20240410;100327;567.45;140;10083931164;S
20240410;100327;567.45;33;10083931165;S
20240410;100327;567.4;1;10083931166;S
20240410;100327;567.4;1;10083931167;S
20240410;100327;567.4;10;10083931168;S
20240410;100327;567.4;140;10083931169;S
20240410;100327;567.4;3;10083931170;S
20240410;100327;567.35;1;10083931171;S
20240410;100327;567.35;162;10083931172;S
20240410;100327;567.35;50;10083931175;S
20240410;100328;567.35;88;10083931243;S
20240410;100328;567.35;140;10083931244;S
20240410;100328;567.35;1;10083931245;S
20240410;100328;567.3;1;10083931246;S
20240410;100328;567.3;1;10083931247;S
20240410;100328;567.3;33;10083931248;S
20240410;100328;567.3;140;10083931249;S
20240410;100328;567.25;96;10083931250;S
20240410;100328;567.3;140;10083931253;S
20240410;100328;567.25;4;10083931254;S
20240410;100328;567.25;100;10083931255;S
20240410;100328;567.25;5;10083931256;S
20240410;100328;567.25;1;10083931257;S
20240410;100328;567.25;140;10083931258;S
20240410;100328;567.25;396;10083931259;S
20240410;100328;567.2;1;10083931260;S
20240410;100328;567.2;5;10083931261;S
20240410;100328;567.2;208;10083931262;S
20240410;100328;567.25;50;10083931300;S
20240410;100328;567.25;19;10083931349;S
20240410;100329;567.25;50;10083931453;S
20240410;100329;567.25;5;10083931500;S
20240410;100330;567.3;10;10083931603;B
20240410;100330;567.3;1;10083931666;S
20240410;100330;567.25;4;10083931667;S
20240410;100331;567.3;5;10083931811;B
20240410;100331;567.35;29;10083931812;B
20240410;100332;567.35;115;10083931952;B
20240410;100333;567.35;50;10083932165;S
20240410;100333;567.35;33;10083932166;S
20240410;100333;567.25;12;10083932167;S
20240410;100333;567.2;5;10083932168;S
20240410;100333;567.35;2;10083932190;B
20240410;100338;567.3;5;10083932965;B
20240410;100338;567.35;1;10083932966;B
20240410;100339;567.35;5;10083933012;B
20240410;100339;567.35;45;10083933033;B
20240410;100339;567.4;33;10083933034;B
20240410;100339;567.45;5;10083933035;B
20240410;100339;567.55;1;10083933036;B
20240410;100339;567.55;116;10083933037;B
20240410;100340;567.7;3;10083933305;B
20240410;100346;567.7;1;10083934001;B
20240410;100346;567.5;2;10083934088;S
20240410;100346;567.5;144;10083934089;S
20240410;100347;567.5;10;10083934206;B
20240410;100347;567.5;10;10083934262;B
20240410;100348;567.5;100;10083934464;B
20240410;100349;567.5;100;10083934575;B
20240410;100351;567.35;1;10083934936;S
20240410;100351;567.35;50;10083934937;S
20240410;100351;567.35;35;10083934938;S
20240410;100351;567.35;1;10083934939;S
20240410;100351;567.3;20;10083934940;S
20240410;100351;567.25;51;10083934941;S
20240410;100351;567.25;176;10083934942;S
20240410;100351;567.2;166;10083934943;S
20240410;100353;567.2;7;10083935267;S
20240410;100354;567.2;7;10083935389;S
20240410;100354;567.2;27;10083935474;S
20240410;100355;567.35;20;10083935518;B
20240410;100355;567.4;10;10083935519;B
20240410;100355;567.45;85;10083935520;B
20240410;100355;567.45;39;10083935521;B
20240410;100355;567.5;20;10083935522;B
20240410;100356;567.25;46;10083935757;S
20240410;100356;567.25;176;10083935758;S
20240410;100356;567.2;2779;10083935759;S
20240410;100358;567.35;6;10083936087;B
20240410;100359;567.35;2;10083936241;B
20240410;100402;567.35;4;10083936897;B
20240410;100404;567.35;2;10083937167;B
20240410;100406;567.2;20;10083937385;S
20240410;100408;567.2;2;10083937604;S
20240410;100408;567.35;47;10083937616;B
20240410;100408;567.4;43;10083937617;B
20240410;100408;567.4;144;10083937618;B
20240410;100408;567.4;5;10083937619;B
20240410;100408;567.45;32;10083937620;B
20240410;100408;567.4;1;10083937658;B
20240410;100409;567.4;1;10083937720;B
20240410;100413;567.35;3;10083938454;S
20240410;100413;567.3;44;10083938455;S
20240410;100413;567.3;253;10083938456;S
20240410;100413;567.3;1;10083938496;S
20240410;100414;567.4;44;10083938593;B
20240410;100414;567.45;144;10083938594;B
20240410;100414;567.5;93;10083938595;B
20240410;100414;567.3;1;10083938767;S
20240410;100418;567.5;1;10083939421;B
20240410;100419;567.3;144;10083939526;S
20240410;100419;567.25;44;10083939527;S
20240410;100419;567.25;176;10083939528;S
20240410;100419;567.2;279;10083939529;S
20240410;100419;567.2;600;10083939530;S
20240410;100419;567.2;1;10083939531;S
20240410;100419;567.2;5;10083939532;S
20240410;100419;567.2;11;10083939533;S
20240410;100419;567.2;150;10083939534;S
20240410;100419;567.2;53;10083939535;S
20240410;100419;567.15;2;10083939536;S
20240410;100419;567.15;1;10083939537;S
20240410;100419;567.15;10;10083939538;S
20240410;100419;567.15;396;10083939539;S
20240410;100419;567.1;176;10083939540;S
20240410;100419;567.1;3;10083939541;S
20240410;100419;567.1;1;10083939542;S
20240410;100419;567.1;5;10083939543;S
20240410;100419;567.1;141;10083939544;S
20240410;100419;567.05;100;10083939545;S
20240410;100419;567.05;100;10083939546;S
20240410;100419;567.05;22;10083939547;S
20240410;100419;567.05;1;10083939548;S
20240410;100419;567.05;1;10083939549;S
20240410;100419;567.05;140;10083939550;S
20240410;100419;567.05;1;10083939551;S
20240410;100419;567.05;1;10083939552;S
20240410;100419;567;1;10083939553;S
20240410;100419;567;2;10083939554;S
20240410;100419;567;1;10083939555;S
20240410;100419;567;1;10083939556;S
20240410;100419;567;1;10083939557;S
20240410;100419;567;2;10083939558;S
20240410;100419;567;18;10083939559;S
20240410;100419;567;500;10083939560;S
20240410;100419;567;100;10083939561;S
20240410;100419;567;1;10083939562;S
20240410;100419;567;1;10083939563;S
20240410;100419;567;1;10083939564;S
20240410;100419;567;1;10083939565;S
20240410;100419;567;2;10083939566;S
20240410;100419;567;1;10083939567;S
20240410;100419;567;20;10083939568;S
20240410;100419;567;20;10083939569;S
20240410;100419;567;6;10083939570;S
20240410;100419;567;1;10083939571;S
20240410;100419;567;5;10083939572;S
20240410;100419;567;1;10083939573;S
20240410;100419;567;88;10083939574;S
20240410;100419;567;5;10083939575;S
20240410;100419;567;1;10083939576;S
20240410;100419;567;2;10083939577;S
20240410;100419;567;140;10083939578;S
20240410;100419;567;20;10083939579;S
20240410;100419;566.95;5;10083939580;S
20240410;100419;566.95;2;10083939581;S
20240410;100419;566.95;1;10083939582;S
20240410;100419;566.95;50;10083939583;S
20240410;100419;566.9;1000;10083939584;S
20240410;100419;566.8;10;10083939585;S
20240410;100419;566.8;1;10083939586;S
20240410;100419;566.8;1;10083939587;S
20240410;100419;566.8;100;10083939588;S
20240410;100419;566.8;5;10083939589;S
20240410;100419;566.8;319;10083939590;S
20240410;100419;567;2;10083939624;S
20240410;100419;566.95;54;10083939625;S
20240410;100419;566.95;53;10083939632;S
20240410;100419;567.15;2;10083939704;S
20240410;100419;567.2;70;10083939707;B
20240410;100419;567.2;9;10083939708;B
20240410;100419;567.25;20;10083939709;B
20240410;100420;567.2;2;10083939814;B
20240410;100420;567.2;1;10083939837;B
20240410;100420;567.15;8;10083939878;S
20240410;100420;567.15;1;10083939879;S
20240410;100421;567.15;1;10083939936;B
20240410;100422;567.1;1;10083940065;B
20240410;100425;567.1;2;10083940480;B
20240410;100425;567.1;46;10083940568;B
20240410;100425;567.1;54;10083940569;B
20240410;100428;567.15;25;10083941123;B
20240410;100428;567.2;75;10083941124;B
20240410;100429;567.15;1;10083941161;B
20240410;100429;567.15;30;10083941193;B
20240410;100429;567.15;1;10083941247;B
20240410;100430;567.15;1;10083941307;B
20240410;100431;567;1;10083941421;S
20240410;100431;567;1;10083941422;S
20240410;100431;567;2;10083941423;S
20240410;100431;567;1;10083941424;S
20240410;100431;567.15;100;10083941455;B
20240410;100433;567.1;44;10083941784;B
20240410;100433;567.15;136;10083941785;B
20240410;100434;567.1;50;10083941902;S
20240410;100434;567.1;45;10083941903;S
20240410;100434;567.05;58;10083941904;S
20240410;100434;567.05;5;10083941905;S
20240410;100434;567;1;10083941906;S
20240410;100434;567;1;10083941907;S
20240410;100434;567;2;10083941908;S
20240410;100434;567;1;10083941909;S
20240410;100434;567;1;10083941910;S
20240410;100434;567;1;10083941911;S
20240410;100434;567;1;10083941912;S
20240410;100434;567;1;10083941913;S
20240410;100434;567;1;10083941914;S
20240410;100434;567;4;10083941915;S
20240410;100434;567;1;10083941916;S
20240410;100434;567;10;10083941917;S
20240410;100434;567;5;10083941918;S
20240410;100434;567;2;10083941919;S
20240410;100434;567;10;10083941920;S
20240410;100436;567;133;10083942157;S
20240410;100436;567.15;1;10083942233;B
20240410;100436;567.05;2;10083942257;S
20240410;100437;567.15;1;10083942293;B
20240410;100437;567.05;2;10083942326;S
20240410;100439;567.2;11;10083942597;B
20240410;100444;567.2;11;10083943281;B
20240410;100446;567.1;2;10083943472;S
20240410;100446;567.1;1;10083943473;S
20240410;100447;567.1;2;10083943589;S
20240410;100449;567.15;1;10083943970;B
20240410;100450;567.1;2;10083943984;S
20240410;100450;567.05;8;10083943985;S
20240410;100452;567.15;45;10083944402;B
20240410;100452;567.15;144;10083944403;B
20240410;100452;567.2;811;10083944404;B
20240410;100455;567.05;5;10083944725;S
20240410;100455;567.05;95;10083944726;S
20240410;100456;567.2;10;10083945000;B
20240410;100457;567.1;2;10083945034;S
20240410;100458;567.2;1;10083945188;B
20240410;100459;567.1;5;10083945351;S
20240410;100500;567.1;1;10083945500;S
20240410;100500;567.05;39;10083945501;S
20240410;100500;567.2;48;10083945534;B
20240410;100500;567.2;2;10083945535;B
20240410;100503;567.2;1;10083945904;B
20240410;100503;567.2;1;10083946015;B
20240410;100506;567.2;42;10083946501;B
20240410;100506;567.2;8;10083946502;B
20240410;100507;567.2;19;10083946734;S
20240410;100508;567.25;1;10083946843;B
20240410;100508;567.1;50;10083946907;S
20240410;100508;567.05;11;10083946908;S
20240410;100508;567.05;5;10083946909;S
20240410;100508;567.05;1;10083946910;S
20240410;100508;567.05;176;10083946911;S
20240410;100509;567.1;3;10083946977;B
20240410;100510;567.1;10;10083947350;B
20240410;100511;567.1;5;10083947555;B
20240410;100512;567.1;1;10083947566;B
20240410;100513;567.1;1;10083947737;B
20240410;100515;567.1;164;10083948015;B
20240410;100515;567.1;100;10083948016;B
20240410;100515;567.1;144;10083948017;B
20240410;100515;567.1;46;10083948018;B
20240410;100515;567.1;46;10083948019;B
20240410;100515;567.1;5;10083948117;B
20240410;100515;567.1;6;10083948139;B
20240410;100516;567.1;3;10083948182;B
20240410;100516;567.1;31;10083948240;B
20240410;100516;567.1;2;10083948243;B
20240410;100519;567.1;1;10083948613;B
20240410;100524;567;1;10083949444;S
20240410;100524;567;1;10083949445;S
20240410;100526;567;3;10083949726;S
20240410;100526;567.05;1;10083949842;B
20240410;100527;567.1;1;10083949964;B
20240410;100529;567.05;1;10083950281;B
20240410;100530;567;1;10083950423;S
20240410;100530;567;2;10083950424;S
20240410;100530;567;12;10083950425;S
20240410;100531;567.1;1;10083950557;B
20240410;100532;567.1;2;10083950694;B
20240410;100533;567.05;1;10083950836;S
20240410;100533;567.05;5;10083950837;S
20240410;100535;567.1;1;10083951206;B
20240410;100536;567.05;2;10083951251;S
20240410;100537;567.1;5;10083951350;B
20240410;100537;567.1;2;10083951351;B
20240410;100537;567.05;137;10083951435;S
20240410;100538;567;14;10083951514;S
20240410;100538;567.05;3;10083951556;B
20240410;100539;567.05;43;10083951656;B
20240410;100539;567.05;100;10083951657;B
20240410;100540;567.05;1857;10083951932;S
20240410;100540;567.05;143;10083951933;S
20240410;100540;567.1;1;10083951956;B
20240410;100541;567.05;10;10083952213;S
20240410;100541;567.1;1;10083952226;B
20240410;100541;567.1;1;10083952298;B
20240410;100543;567.1;1;10083952730;B
20240410;100544;567.1;1;10083952811;B
20240410;100544;567.1;1;10083952812;B
20240410;100544;567.1;5;10083952813;B
20240410;100544;567.1;1;10083952839;B
20240410;100544;567.05;2;10083952852;S
20240410;100545;567.1;1;10083952914;B
20240410;100545;567.1;10;10083952966;B
20240410;100547;567.05;164;10083953267;S
20240410;100547;567.05;2;10083953268;S
20240410;100547;567.05;2;10083953269;S
20240410;100547;567.05;1;10083953270;S
20240410;100547;567;10;10083953271;S
20240410;100547;567;5;10083953272;S
20240410;100547;567;1;10083953273;S
20240410;100547;567;331;10083953274;S
20240410;100547;567;400;10083953275;S
20240410;100547;567;5;10083953276;S
20240410;100547;567;7;10083953277;S
20240410;100547;567;10;10083953278;S
20240410;100547;567;1;10083953279;S
20240410;100547;567;5;10083953280;S
20240410;100547;567;176;10083953281;S
20240410;100549;567.05;1;10083953905;B
20240410;100550;567.05;45;10083953988;B
20240410;100550;567.05;35;10083953989;B
20240410;100551;567.1;1;10083954064;B
20240410;100553;567.1;1;10083954477;B
20240410;100555;567.05;2;10083954829;S
20240410;100556;567.05;1;10083954974;S
20240410;100556;567;2;10083954975;S
20240410;100556;567;4;10083954976;S
20240410;100556;567.1;3;10083955108;B
20240410;100556;567;20;10083955113;S
20240410;100559;567.1;30;10083955372;B
20240410;100600;567.1;10;10083955576;B
20240410;100601;567.05;3;10083955775;S
20240410;100602;567.05;173;10083955903;S
20240410;100602;567;244;10083955939;S
20240410;100602;567;200;10083955940;S
20240410;100602;567;1;10083955941;S
20240410;100602;566.95;141;10083955942;S
20240410;100602;566.95;76;10083955943;S
20240410;100602;566.95;141;10083955944;S
20240410;100602;566.9;141;10083955945;S
20240410;100602;566.9;15;10083955946;S
20240410;100602;566.9;50;10083955947;S
20240410;100602;566.9;30;10083955948;S
20240410;100602;566.9;46;10083955949;B
20240410;100603;566.85;2;10083956104;S
20240410;100603;566.95;1;10083956224;B
20240410;100604;566.95;3;10083956237;B
20240410;100604;566.95;1;10083956298;B
20240410;100605;566.9;144;10083956456;B
20240410;100605;566.9;100;10083956457;B
20240410;100605;566.9;45;10083956458;B
20240410;100606;567;35;10083956645;B
20240410;100606;567;144;10083956646;B
20240410;100606;567;100;10083956647;B
20240410;100606;567.05;225;10083956648;B
20240410;100607;566.95;3;10083956846;B
20240410;100608;566.95;1;10083956981;B
20240410;100609;566.95;3;10083957174;B
20240410;100610;566.95;4;10083957320;B
20240410;100613;566.85;2;10083957833;S
20240410;100613;566.95;9;10083957870;B
20240410;100614;566.85;3;10083958078;S
20240410;100614;566.8;30;10083958079;S
20240410;100614;566.8;5;10083958080;S
20240410;100614;566.8;2;10083958081;S
20240410;100614;566.8;109;10083958082;S
20240410;100614;566.8;1;10083958083;S
20240410;100614;566.8;141;10083958084;S
20240410;100614;566.75;10;10083958085;S
20240410;100614;566.75;1;10083958086;S
20240410;100614;566.75;2;10083958087;S
20240410;100614;566.75;20;10083958088;S
20240410;100614;566.75;5;10083958089;S
20240410;100614;566.75;71;10083958090;S
20240410;100616;566.8;1;10083958278;S
20240410;100616;566.85;45;10083958304;B
20240410;100616;566.85;100;10083958305;B
20240410;100617;566.95;100;10083958451;B
20240410;100617;567;5;10083958504;B
20240410;100619;566.8;1;10083959028;S
20240410;100619;566.8;45;10083959029;S
20240410;100619;566.75;70;10083959030;S
20240410;100619;566.75;100;10083959031;S
20240410;100619;566.75;1;10083959032;S
20240410;100619;566.75;66;10083959033;S
20240410;100621;566.8;2;10083959506;B
20240410;100621;566.8;5;10083959524;B
20240410;100621;566.8;1;10083959532;B
20240410;100622;566.75;25;10083959630;S
20240410;100625;566.8;1;10083960136;B
20240410;100625;566.75;2;10083960188;S
20240410;100625;566.8;1;10083960192;B
20240410;100626;566.75;2;10083960307;S
20240410;100626;566.75;6;10083960420;S
20240410;100626;566.7;10;10083960438;S
20240410;100626;566.7;1;10083960439;S
20240410;100626;566.7;1;10083960440;S
20240410;100626;566.7;1;10083960441;S
20240410;100626;566.7;5;10083960442;S
20240410;100626;566.7;1;10083960443;S
20240410;100626;566.7;1;10083960444;S
20240410;100626;566.7;7;10083960445;S
20240410;100626;566.7;79;10083960492;S
20240410;100626;566.7;114;10083960557;S
20240410;100626;566.7;141;10083960558;S
20240410;100626;566.7;2;10083960559;S
20240410;100626;566.7;1;10083960560;S
20240410;100627;566.65;1;10083960620;S
20240410;100628;566.7;1;10083960782;S
20240410;100628;566.7;3;10083960793;B
20240410;100628;566.7;2;10083960871;B
20240410;100628;566.7;4;10083960883;B
20240410;100628;566.7;1;10083960923;B
20240410;100629;566.7;1;10083960963;B
20240410;100629;566.7;6;10083961046;B
20240410;100629;566.7;25;10083961060;B
20240410;100629;566.65;1;10083961109;S
20240410;100630;566.65;8;10083961201;S
20240410;100630;566.65;3;10083961202;S
20240410;100630;566.65;84;10083961203;S
20240410;100630;566.65;16;10083961364;S
20240410;100631;566.65;5;10083961387;B
20240410;100631;566.65;4;10083961470;B
20240410;100631;566.65;1;10083961479;B
20240410;100631;566.65;5;10083961480;B
20240410;100632;566.65;1;10083961604;B
20240410;100632;566.65;1;10083961668;B
20240410;100634;566.65;1;10083962156;B
20240410;100635;566.6;10;10083962232;S
20240410;100635;566.6;1;10083962233;S
20240410;100635;566.6;16;10083962234;S
20240410;100636;566.65;1;10083962458;B
20240410;100636;566.6;40;10083962487;S
20240410;100636;566.6;10;10083962488;S
20240410;100636;566.6;2;10083962489;S
20240410;100636;566.6;1;10083962490;S
20240410;100636;566.6;50;10083962491;S
20240410;100636;566.6;170;10083962492;S
20240410;100636;566.6;1;10083962493;S
20240410;100636;566.6;100;10083962494;S
20240410;100636;566.6;1;10083962495;S
20240410;100636;566.6;116;10083962496;S
20240410;100636;566.6;448;10083962497;S
20240410;100636;566.6;1436;10083962498;S
20240410;100636;566.6;2;10083962499;S
20240410;100636;566.6;50;10083962500;S
20240410;100636;566.55;10;10083962501;S
20240410;100636;566.55;2;10083962502;S
20240410;100636;566.55;25;10083962503;S
20240410;100636;566.55;50;10083962504;S
20240410;100636;566.55;1;10083962505;S
20240410;100636;566.55;3;10083962506;S
20240410;100636;566.55;1;10083962507;S
20240410;100636;566.5;10;10083962508;S
20240410;100636;566.5;6;10083962509;S
20240410;100636;566.5;170;10083962510;S
20240410;100636;566.5;1090;10083962511;S
20240410;100636;566.5;5;10083962512;S
20240410;100636;566.5;1;10083962513;S
20240410;100636;566.5;1;10083962514;S
20240410;100636;566.5;4;10083962515;S
20240410;100636;566.5;30;10083962516;S
20240410;100636;566.5;10;10083962517;S
20240410;100636;566.5;100;10083962518;S
20240410;100636;566.5;1;10083962519;S
20240410;100636;566.5;1;10083962520;S
20240410;100636;566.5;141;10083962521;S
20240410;100636;566.5;2;10083962522;S
20240410;100636;566.45;10;10083962524;S
20240410;100636;566.45;141;10083962525;S
20240410;100636;566.4;10;10083962526;S
20240410;100636;566.4;198;10083962527;S
20240410;100636;566.4;98;10083962528;S
20240410;100636;566.4;1000;10083962529;S
20240410;100636;566.4;35;10083962530;S
20240410;100636;566.35;10;10083962536;S
20240410;100636;566.35;8;10083962537;S
20240410;100636;566.4;100;10083962538;B
20240410;100636;566.35;49;10083962540;B
20240410;100636;566.4;51;10083962541;B
20240410;100636;566.3;7;10083962607;S
20240410;100636;566.4;2;10083962659;B
20240410;100636;566.4;15;10083962698;B
20240410;100637;566.4;127;10083962796;B
20240410;100637;566.4;23;10083962797;B
20240410;100640;566.35;10;10083963434;B
20240410;100640;566.35;5;10083963558;B
20240410;100641;566.35;1;10083963644;B
20240410;100641;566.35;1;10083963662;B
20240410;100642;566.35;2;10083963758;B
20240410;100642;566.35;10;10083963927;B
20240410;100643;566.35;10;10083963961;B
20240410;100643;566.35;59;10083963995;B
20240410;100644;566.35;2;10083964162;B
20240410;100644;566.35;10;10083964186;B
20240410;100645;566.35;20;10083964353;B
20240410;100645;566.35;1;10083964406;B
20240410;100645;566.3;3;10083964419;S
20240410;100645;566.3;1;10083964420;S
20240410;100645;566.3;8;10083964421;S
20240410;100645;566.3;2;10083964422;S
20240410;100645;566.3;85;10083964423;S
20240410;100646;566.3;5;10083964564;S
20240410;100646;566.3;5;10083964565;S
20240410;100646;566.35;1;10083964589;B
20240410;100648;566.25;10;10083965127;S
20240410;100650;566.4;8;10083965523;B
20240410;100650;566.35;5;10083965611;S
20240410;100650;566.3;15;10083965612;S
20240410;100654;566.4;4;10083966306;B
20240410;100655;566.4;37;10083966402;B
20240410;100656;566.35;1;10083966603;B
20240410;100657;566.35;10;10083966804;B
20240410;100657;566.35;1;10083966851;B
20240410;100657;566.35;8;10083966870;B
20240410;100658;566.3;5;10083967089;S
20240410;100658;566.25;2;10083967090;S
20240410;100658;566.25;1;10083967091;S
20240410;100658;566.25;1;10083967092;S
20240410;100658;566.25;1;10083967093;S
20240410;100658;566.25;10;10083967094;S
20240410;100658;566.25;5;10083967095;S
20240410;100658;566.25;1;10083967096;S
20240410;100658;566.2;10;10083967097;S
20240410;100658;566.2;364;10083967098;S
20240410;100659;566.2;1;10083967109;S
20240410;100659;566.3;10;10083967161;B
20240410;100659;566.2;50;10083967316;S
20240410;100700;566.3;1;10083967364;B
20240410;100700;566.3;10;10083967384;B
20240410;100700;566.3;1;10083967407;B
20240410;100701;566.3;46;10083967475;B
20240410;100701;566.3;20;10083967547;B
20240410;100701;566.25;20;10083967588;B
20240410;100702;566.3;3;10083967788;B
20240410;100703;566.3;1;10083968144;B
20240410;100706;566.3;1;10083968779;B
20240410;100708;566.3;2;10083969221;B
20240410;100709;566.3;2;10083969446;B
20240410;100710;566.25;18;10083969510;S
20240410;100710;566.2;2;10083969511;S
20240410;100711;566.3;3;10083969679;B
20240410;100711;566.3;144;10083969721;B
20240410;100711;566.3;47;10083969722;B
20240410;100711;566.3;100;10083969723;B
20240410;100712;566.3;150;10083969842;S
20240410;100712;566.3;10;10083969965;S
20240410;100713;566.3;2;10083970030;S
20240410;100713;566.35;4;10083970077;B
20240410;100713;566.3;21;10083970078;S
20240410;100714;566.35;1;10083970257;B
20240410;100714;566.3;200;10083970357;S
20240410;100715;566.3;50;10083970423;S
20240410;100715;566.3;20;10083970424;S
20240410;100715;566.3;256;10083970425;S
20240410;100715;566.3;5;10083970426;S
20240410;100715;566.3;20;10083970427;S
20240410;100716;566.25;1;10083970684;B
20240410;100716;566.25;10;10083970752;B
20240410;100716;566.2;15;10083970790;S
20240410;100718;566.25;1;10083971024;B
20240410;100719;566.2;1;10083971124;S
20240410;100719;566.2;15;10083971389;S
20240410;100719;566.25;2;10083971426;B
20240410;100720;566.2;1;10083971482;S
20240410;100720;566.25;8;10083971513;B
20240410;100720;566.25;1;10083971602;B
20240410;100720;566.25;5;10083971647;B
20240410;100721;566.25;1;10083971664;B
20240410;100722;566.25;1;10083971947;B
20240410;100723;566.2;48;10083972192;S
20240410;100723;566.2;3;10083972193;S
20240410;100723;566.2;25;10083972194;S
20240410;100723;566.25;1;10083972237;B
20240410;100723;566.2;2;10083972238;S
20240410;100724;566.2;123;10083972341;S
20240410;100724;566.2;10;10083972342;S
20240410;100724;566.2;1;10083972343;S
20240410;100724;566.2;5;10083972344;S
20240410;100724;566.2;550;10083972345;S
20240410;100724;566.2;4;10083972346;S
20240410;100724;566.2;262;10083972347;S
20240410;100724;566.15;10;10083972348;S
20240410;100724;566.15;10;10083972349;S
20240410;100724;566.15;2;10083972350;S
20240410;100724;566.15;8;10083972351;S
20240410;100724;566.2;100;10083972352;B
20240410;100724;566.15;100;10083972353;B
20240410;100724;566.15;76;10083972354;B
20240410;100724;566.15;224;10083972355;B
20240410;100724;566.2;2;10083972396;B
20240410;100724;566.15;84;10083972476;S
20240410;100725;566.2;6;10083972534;B
20240410;100725;566.2;10;10083972564;B
20240410;100726;566.2;3;10083972641;B
20240410;100726;566.15;4;10083972666;S
20240410;100728;566.25;3;10083973164;B
20240410;100728;566.2;100;10083973266;B
20240410;100729;566.2;20;10083973332;B
20240410;100729;566.2;3;10083973349;B
20240410;100729;566.2;50;10083973433;B
20240410;100729;566.2;3;10083973460;B
20240410;100730;566.2;5;10083973556;B
20240410;100730;566.2;2;10083973654;B
20240410;100731;566.15;1;10083973929;S
20240410;100732;566.15;2;10083974232;S
20240410;100732;566.15;9;10083974497;S
20240410;100732;566.15;100;10083974498;S
20240410;100732;566.1;10;10083974499;S
20240410;100732;566.1;5;10083974500;S
20240410;100732;566.1;5;10083974501;S
20240410;100732;566.1;85;10083974502;S
20240410;100733;566.15;34;10083974713;B
20240410;100734;566.1;15;10083974933;S
20240410;100734;566.1;385;10083974934;S
20240410;100734;566.15;1;10083975090;B
20240410;100735;566.2;1;10083975209;B
20240410;100736;566.2;1;10083975345;B
20240410;100736;566.1;81;10083975363;S
20240410;100736;566.1;10;10083975378;S
20240410;100738;566.15;2;10083975809;B
20240410;100739;566.15;20;10083976084;B
20240410;100739;566.15;1;10083976133;B
20240410;100740;566.15;2;10083976275;B
20240410;100741;566.15;1;10083976392;B
20240410;100741;566.15;3;10083976514;B
20240410;100742;566.1;2;10083976597;S
20240410;100742;566.1;522;10083976653;S
20240410;100742;566.1;1;10083976654;S
20240410;100742;566.1;3;10083976655;S
20240410;100742;566.1;100;10083976656;S
20240410;100742;566.1;1;10083976657;S
20240410;100742;566.1;200;10083976658;S
20240410;100742;566.1;2;10083976659;S
20240410;100742;566.1;5;10083976660;S
20240410;100742;566.1;1;10083976666;B
20240410;100743;566.1;1;10083976755;B
20240410;100743;566.05;10;10083976756;S
20240410;100743;566.05;69;10083976757;S
20240410;100743;566.05;31;10083976758;S
20240410;100743;566.05;24;10083976759;S
20240410;100743;566.05;840;10083976783;S
20240410;100743;566.05;5;10083976784;S
20240410;100743;566.05;1;10083976785;S
20240410;100743;566.05;11;10083976786;S
20240410;100743;566.05;2;10083976787;S
20240410;100743;566.05;1;10083976788;S
20240410;100743;566.05;1;10083976789;S
20240410;100743;566.05;5;10083976790;S
20240410;100743;566.05;1;10083976791;S
20240410;100743;566.05;1;10083976792;S
20240410;100743;566.05;5;10083976793;S
20240410;100743;566.05;500;10083976794;S
20240410;100743;566.05;13;10083976795;S
20240410;100743;566.05;25;10083976796;S
20240410;100743;566.05;5;10083976797;S
20240410;100743;566.05;2;10083976798;S
20240410;100743;566;1;10083976799;S
20240410;100743;566;10;10083976800;S
20240410;100743;566;4;10083976801;S
20240410;100743;566;50;10083976802;S
20240410;100743;566;1;10083976803;S
20240410;100743;566;1049;10083976804;S
20240410;100743;566.05;100;10083976805;B
20240410;100743;566.05;76;10083976806;B
20240410;100743;566.05;144;10083976807;B
20240410;100743;566.05;80;10083976808;S
20240410;100743;566.05;20;10083976809;S
20240410;100743;566.1;12;10083976820;B
20240410;100743;566.05;30;10083976933;S
20240410;100743;566.05;17;10083976955;S
20240410;100744;566.05;1;10083976969;S
20240410;100744;566.05;80;10083976972;S
20240410;100744;566.05;146;10083977019;S
20240410;100744;566.05;6;10083977025;S
20240410;100744;566.05;69;10083977026;S
20240410;100744;566.05;38;10083977054;S
20240410;100744;566.05;1;10083977076;S
20240410;100744;566.05;1;10083977080;S
20240410;100744;566.1;1;10083977119;B
20240410;100744;566.05;30;10083977152;S
20240410;100746;566.1;2;10083977473;B
20240410;100746;566.1;41;10083977544;B
20240410;100747;566.1;5;10083977590;B
20240410;100747;566.1;10;10083977648;B
20240410;100747;566.05;2;10083977698;S
20240410;100748;566.05;5;10083977875;S
20240410;100748;566.05;5;10083977876;S
20240410;100748;566.05;20;10083977877;S
20240410;100748;566.05;29;10083977878;S
20240410;100748;566.05;1;10083977879;S
20240410;100748;566.05;96;10083977880;S
20240410;100748;566.05;1;10083977957;S
20240410;100748;566.05;3;10083977958;S
20240410;100748;566.1;65;10083977983;B
20240410;100748;566.1;2;10083978017;B
20240410;100749;566.1;300;10083978053;B
20240410;100749;566.1;200;10083978054;B
20240410;100749;566.1;1000;10083978185;B
20240410;100749;566.05;1;10083978213;S
20240410;100750;566.1;300;10083978244;B
20240410;100750;566.1;200;10083978245;B
20240410;100750;566.1;3;10083978331;B
20240410;100750;566.1;3;10083978336;B
20240410;100750;566.05;99;10083978396;S
20240410;100750;566.05;1;10083978397;S
20240410;100750;566.05;100;10083978398;S
20240410;100750;566.05;176;10083978399;S
20240410;100750;566.05;39;10083978400;S
20240410;100751;566.1;163;10083978498;B
20240410;100751;566.1;51;10083978499;B
20240410;100751;566.1;86;10083978500;B
20240410;100751;566.1;14;10083978501;B
20240410;100751;566.1;86;10083978502;B
20240410;100751;566.1;100;10083978503;B
20240410;100751;566.05;105;10083978508;S
20240410;100751;566.05;10;10083978509;S
20240410;100751;566.05;176;10083978510;S
20240410;100751;566;1909;10083978511;S
20240410;100751;566.05;1;10083978602;S
20240410;100751;566.1;100;10083978644;B
20240410;100752;566.1;300;10083978730;B
20240410;100752;566.1;200;10083978731;B
20240410;100752;566.1;177;10083978854;B
20240410;100752;566.05;123;10083978879;S
20240410;100753;566.1;300;10083978974;B
20240410;100753;566.1;200;10083978975;B
20240410;100753;566.1;40;10083979143;B
20240410;100754;566.1;1;10083979170;B
20240410;100754;566.1;300;10083979222;B
20240410;100754;566.1;196;10083979223;B
20240410;100754;566.1;4;10083979224;B
20240410;100754;566.05;144;10083979239;S
20240410;100754;566.05;388;10083979240;S
20240410;100754;566.05;68;10083979241;S
20240410;100755;566.1;300;10083979389;B
20240410;100755;566.1;100;10083979390;B
20240410;100756;566.1;3;10083979626;B
20240410;100756;566.1;2;10083979633;B
20240410;100756;566.1;1;10083979640;B
20240410;100757;566.1;100;10083979935;B
20240410;100758;566.05;50;10083980080;S
20240410;100758;566.1;3;10083980082;B
20240410;100759;566.1;87;10083980124;B
20240410;100759;566.15;35;10083980125;B
20240410;100759;566.15;58;10083980126;B
20240410;100759;566.15;100;10083980127;B
20240410;100801;566.15;120;10083980548;S
20240410;100801;566.15;100;10083980549;S
20240410;100805;566.2;10;10083981139;B
20240410;100806;566.2;1;10083981229;B
20240410;100806;566.15;353;10083981268;S
20240410;100806;566.15;144;10083981269;S
20240410;100807;566.1;20;10083981308;S
20240410;100807;566.1;90;10083981309;S
20240410;100807;566.15;78;10083981424;B
20240410;100807;566.15;22;10083981425;B
20240410;100807;566.15;78;10083981426;B
20240410;100807;566.2;1;10083981429;B
20240410;100807;566.2;13;10083981430;B
20240410;100808;566.15;6;10083981565;S
20240410;100809;566.2;1;10083981665;B
20240410;100809;566.15;1;10083981752;S
20240410;100811;566.15;15;10083981967;S
20240410;100811;566.15;14;10083981968;S
20240410;100811;566.15;9;10083981969;S
20240410;100812;566.2;1;10083982242;B
20240410;100812;566.2;2;10083982304;B
20240410;100813;566.2;1;10083982338;B
20240410;100815;566.2;1;10083982983;B
20240410;100816;566.2;1;10083983197;B
20240410;100817;566.2;12;10083983273;B
20240410;100817;566.2;10;10083983274;B
20240410;100817;566.2;38;10083983275;B
20240410;100819;566.15;1;10083983584;S
20240410;100819;566.25;10;10083983881;B
20240410;100820;566.2;176;10083984050;S
20240410;100820;566.2;55;10083984051;S
20240410;100820;566.3;5;10083984058;B
20240410;100821;566.3;3;10083984556;B
20240410;100821;566.35;10;10083984557;B
20240410;100821;566.35;2;10083984558;B
20240410;100821;566.35;20;10083984619;B
20240410;100822;566.25;91;10083984821;S
20240410;100822;566.2;7;10083984995;S
20240410;100823;566.2;381;10083985090;S
20240410;100823;566.2;176;10083985091;S
20240410;100823;566.2;1;10083985092;S
20240410;100823;566.2;60;10083985093;S
20240410;100823;566.2;35;10083985094;S
20240410;100823;566.2;144;10083985095;S
20240410;100823;566.2;1;10083985166;B
20240410;100824;566.2;2;10083985326;B
20240410;100824;566.2;7;10083985327;B
20240410;100825;566.15;1;10083985489;S
20240410;100825;566.15;9;10083985490;S
20240410;100826;566.2;10;10083985738;B
20240410;100826;566.2;2;10083985760;B
20240410;100826;566.2;79;10083985833;B
20240410;100827;566.15;4;10083986127;S
20240410;100828;566.2;2;10083986227;B
20240410;100828;566.2;3;10083986228;B
20240410;100829;566.2;1;10083986487;B
20240410;100829;566.2;6;10083986543;B
20240410;100829;566.2;1;10083986634;B
20240410;100832;566.15;2;10083987408;S
20240410;100833;566.2;1;10083987531;B
20240410;100833;566.15;100;10083987558;S
20240410;100834;566.2;2;10083987699;B
20240410;100834;566.2;1;10083987771;B
20240410;100835;566.2;1;10083988052;B
20240410;100835;566.2;50;10083988054;B
20240410;100836;566.15;8;10083988260;S
20240410;100836;566.2;1;10083988289;B
20240410;100837;566.2;8;10083988458;B
20240410;100838;566.2;25;10083988679;B
20240410;100838;566.2;40;10083988680;B
20240410;100838;566.2;35;10083988681;B
20240410;100839;566.2;2;10083988845;B
20240410;100840;566.15;5;10083988937;S
20240410;100840;566.2;1;10083988950;B
20240410;100841;566.15;2;10083989105;S
20240410;100841;566.15;50;10083989237;S
20240410;100841;566.15;111;10083989303;S
20240410;100841;566.15;5;10083989304;S
20240410;100841;566.15;2;10083989305;S
20240410;100841;566.15;10;10083989306;S
20240410;100841;566.1;30;10083989307;S
20240410;100841;566.1;5;10083989308;S
20240410;100841;566.1;20;10083989309;S
20240410;100841;566.1;5;10083989310;S
20240410;100841;566.1;200;10083989311;S
20240410;100841;566.1;5;10083989312;S
20240410;100841;566.1;12;10083989313;S
20240410;100841;566.1;144;10083989314;S
20240410;100841;566.05;5;10083989315;S
20240410;100841;566.05;1;10083989316;S
20240410;100841;566.05;1;10083989317;S
20240410;100841;566.05;1;10083989318;S
20240410;100841;566.05;1;10083989319;S
20240410;100841;566.05;388;10083989320;S
20240410;100841;566.05;1;10083989321;S
20240410;100841;566.05;100;10083989322;S
20240410;100841;566.05;100;10083989323;S
20240410;100841;566.05;2;10083989324;S
20240410;100841;566.05;100;10083989325;S
20240410;100841;566;42;10083989326;S
20240410;100841;566;1;10083989327;S
20240410;100841;566;1;10083989328;S
20240410;100841;566;150;10083989329;S
20240410;100841;566;2;10083989330;S
20240410;100841;566;1;10083989331;S
20240410;100841;566;5;10083989332;S
20240410;100841;566;2;10083989333;S
20240410;100841;566;1;10083989334;S
20240410;100841;566;2;10083989335;S
20240410;100841;566;100;10083989336;S
20240410;100841;566;50;10083989337;S
20240410;100841;566;1;10083989338;S
20240410;100841;566;50;10083989339;S
20240410;100841;566;1;10083989340;S
20240410;100841;566;10;10083989341;S
20240410;100841;566;1;10083989342;S
20240410;100841;566;1;10083989343;S
20240410;100841;566;1;10083989344;S
20240410;100841;566;1;10083989345;S
20240410;100841;566;1;10083989346;S
20240410;100841;566;5;10083989347;S
20240410;100841;566;3;10083989348;S
20240410;100841;566;10;10083989349;S
20240410;100841;566;10;10083989350;S
20240410;100841;566;1;10083989351;S
20240410;100841;566;1;10083989352;S
20240410;100841;566;100;10083989353;S
20240410;100841;566;75;10083989354;S
20240410;100841;566;50;10083989355;S
20240410;100841;566;10;10083989356;S
20240410;100841;566;2;10083989357;S
20240410;100841;566;2;10083989358;S
20240410;100841;566;50;10083989359;S
20240410;100841;566;1;10083989360;S
20240410;100841;566;4;10083989361;S
20240410;100841;566;2;10083989362;S
20240410;100841;566;1;10083989363;S
20240410;100841;566;1;10083989364;S
20240410;100841;566;1;10083989365;S
20240410;100841;566;1;10083989366;S
20240410;100841;566;50;10083989367;S
20240410;100841;566;1;10083989368;S
20240410;100841;566;10;10083989369;S
20240410;100841;566;1;10083989370;S
20240410;100841;566;1;10083989371;S
20240410;100841;566;5;10083989372;S
20240410;100841;566;10;10083989373;S
20240410;100841;566;4;10083989374;S
20240410;100841;566;25;10083989375;S
20240410;100842;566;60;10083989406;S
20240410;100842;566.15;10;10083989504;B
20240410;100843;566.15;2;10083989591;B
20240410;100846;566.15;2;10083990462;B
20240410;100849;566.1;1;10083990939;S
20240410;100849;566.15;2;10083990960;B
20240410;100849;566.1;1;10083991027;S
20240410;100850;566.1;111;10083991093;S
20240410;100850;566.1;3;10083991134;S
20240410;100850;566.15;1;10083991160;B
20240410;100850;566.1;2;10083991165;S
20240410;100850;566.15;10;10083991166;B
20240410;100851;566.15;150;10083991337;B
20240410;100852;566.1;8;10083991529;S
20240410;100852;566.15;10;10083991537;B
20240410;100853;566.15;2;10083991642;B
20240410;100853;566.15;2;10083991665;B
20240410;100854;566.1;32;10083991767;S
20240410;100854;566.1;58;10083991768;S
20240410;100854;566.1;10;10083991769;S
20240410;100854;566.15;25;10083991852;B
20240410;100854;566.15;1;10083991853;B
20240410;100854;566.15;1;10083991960;S
20240410;100855;566.2;1;10083991973;B
20240410;100855;566.2;1;10083991977;B
20240410;100855;566.2;4;10083992035;B
20240410;100857;566.2;35;10083992459;B
20240410;100857;566.2;1;10083992486;B
20240410;100858;566.15;17;10083992630;S
20240410;100859;566.15;186;10083992887;S
20240410;100859;566.15;200;10083992923;S
20240410;100900;566.2;6;10083992976;B
20240410;100900;566.2;52;10083993027;B
20240410;100900;566.2;13;10083993028;B
20240410;100901;566.15;180;10083993190;S
20240410;100901;566.15;4;10083993195;S
20240410;100901;566.2;2;10083993265;B
20240410;100903;566.2;1;10083993623;B
20240410;100904;566.15;3;10083993886;S
20240410;100904;566.15;1;10083993964;S
20240410;100905;566.15;10;10083994138;S
20240410;100905;566.2;2;10083994212;B
20240410;100906;566.2;4;10083994308;B
20240410;100907;566.2;1;10083994453;B
20240410;100907;566.2;2;10083994471;B
20240410;100907;566.2;4;10083994513;B
20240410;100907;566.2;5;10083994536;B
20240410;100907;566.2;136;10083994555;B
20240410;100907;566.2;896;10083994556;B
20240410;100907;566.25;23;10083994557;B
20240410;100907;566.25;48;10083994558;B
20240410;100907;566.25;58;10083994559;B
20240410;100907;566.35;10;10083994560;B
20240410;100907;566.35;70;10083994561;B
20240410;100909;566.35;1;10083994884;B
20240410;100909;566.35;400;10083994887;B
20240410;100910;566.25;30;10083995075;S
20240410;100910;566.35;15;10083995193;B
20240410;100913;566.35;1;10083995680;B
20240410;100919;566.35;3;10083996608;B
20240410;100919;566.35;1;10083996639;B
20240410;100923;566.3;78;10083997607;B
20240410;100923;566.3;1;10083997742;B
20240410;100925;566.3;2;10083998605;B
20240410;100925;566.25;50;10083998670;S
20240410;100925;566.25;20;10083998671;S
20240410;100926;566.3;1;10083998763;B
20240410;100926;566.3;50;10083998930;B
20240410;100926;566.3;50;10083998940;B
20240410;100927;566.3;3;10083999035;B
20240410;100927;566.25;8;10083999144;S
20240410;100928;566.3;1;10083999217;B
20240410;100928;566.3;69;10083999300;B
20240410;100928;566.35;31;10083999301;B
20240410;100929;566.35;20;10083999536;B
20240410;100931;566.35;15;10083999827;B
20240410;100932;566.35;1;10084000089;B
20240410;100933;566.3;20;10084000225;S
20240410;100933;566.3;2;10084000229;S
20240410;100933;566.35;1;10084000284;B
20240410;100933;566.35;228;10084000333;B
20240410;100933;566.35;1;10084000360;B
20240410;100936;566.35;2;10084000855;B
20240410;100939;566.3;3;10084001276;S
20240410;100940;566.3;5;10084001481;S
20240410;100940;566.3;6;10084001559;S
20240410;100941;566.35;3;10084001580;B
20240410;100943;566.35;1;10084002158;B
20240410;100943;566.35;5;10084002286;B
20240410;100943;566.3;7;10084002300;S
20240410;100944;566.3;1;10084002390;S
20240410;100944;566.35;15;10084002395;B
20240410;100944;566.35;500;10084002500;B
20240410;100945;566.35;1;10084002685;B
20240410;100946;566.3;28;10084002746;S
20240410;100946;566.3;7;10084002841;S
20240410;100947;566.3;2;10084002943;S
20240410;100947;566.3;15;10084002984;S
20240410;100948;566.3;3;10084003041;S
20240410;100948;566.35;1;10084003097;B
20240410;100949;566.3;1;10084003205;S
20240410;100950;566.3;20;10084003391;S
20240410;100950;566.35;1;10084003393;B
20240410;100951;566.35;2;10084003474;B
20240410;100952;566.3;4;10084003595;S
20240410;100952;566.3;40;10084003650;S
20240410;100952;566.3;25;10084003651;S
20240410;100953;566.35;1;10084003933;B
20240410;100955;566.3;2;10084004283;S
20240410;100955;566.3;1;10084004284;S
20240410;100955;566.3;1;10084004285;S
20240410;100955;566.3;6;10084004300;S
20240410;100955;566.3;93;10084004380;S
20240410;100955;566.3;1000;10084004381;S
20240410;100955;566.3;10;10084004382;S
20240410;100955;566.3;300;10084004383;S
20240410;100955;566.3;2;10084004384;S
20240410;100955;566.3;144;10084004385;S
20240410;100955;566.3;340;10084004386;S
20240410;100956;566.35;2;10084004411;B
20240410;100957;566.35;1;10084004569;B
20240410;100958;566.35;17;10084004740;B
20240410;100958;566.3;4;10084004776;S
20240410;100959;566.35;2;10084004918;B
20240410;100959;566.35;10;10084004944;B
20240410;101000;566.3;1;10084005011;S
20240410;101000;566.3;5;10084005012;S
20240410;101000;566.35;9;10084005144;B
20240410;101000;566.3;10;10084005158;S
20240410;101000;566.35;1;10084005251;B
20240410;101001;566.35;2;10084005277;B
20240410;101001;566.35;1;10084005580;B
20240410;101002;566.35;15;10084005836;B
20240410;101003;566.35;2;10084005993;B
20240410;101004;566.35;10;10084006156;B
20240410;101004;566.35;20;10084006278;B
20240410;101004;566.35;1;10084006279;B
20240410;101005;566.35;18;10084006290;B
20240410;101005;566.35;1;10084006333;B
20240410;101005;566.35;20;10084006367;B
20240410;101005;566.35;2;10084006405;B
20240410;101005;566.35;100;10084006410;B
20240410;101005;566.3;2;10084006427;S
20240410;101006;566.35;1;10084006473;B
20240410;101006;566.35;5;10084006515;B
20240410;101007;566.3;127;10084006606;S
20240410;101007;566.3;49;10084006607;S
20240410;101007;566.35;100;10084006675;B
20240410;101011;566.35;5;10084007192;B
20240410;101011;566.3;1;10084007275;S
20240410;101011;566.3;1;10084007276;S
20240410;101011;566.3;1;10084007277;S
20240410;101011;566.3;1;10084007278;S
20240410;101011;566.3;1;10084007279;S
20240410;101011;566.3;21;10084007280;S
20240410;101011;566.3;1;10084007281;S
20240410;101011;566.3;1;10084007282;S
20240410;101012;566.35;835;10084007370;B
20240410;101012;566.35;50;10084007371;B
20240410;101012;566.35;28;10084007372;B
20240410;101012;566.35;10;10084007373;B
20240410;101012;566.35;170;10084007374;B
20240410;101012;566.4;796;10084007375;B
20240410;101012;566.4;1;10084007459;B
20240410;101013;566.4;4;10084007469;B
20240410;101013;566.4;6;10084007470;B
20240410;101016;566.5;397;10084007938;B
20240410;101016;566.5;64;10084007939;B
20240410;101016;566.55;25;10084007940;B
20240410;101016;566.55;4;10084007941;B
20240410;101016;566.55;100;10084007942;B
20240410;101016;566.6;397;10084007943;B
20240410;101016;566.6;902;10084007944;B
20240410;101016;566.7;25;10084007951;B
20240410;101016;566.75;475;10084007952;B
20240410;101016;566.75;100;10084007953;B
20240410;101017;566.75;1;10084008087;S
20240410;101017;566.85;25;10084008188;B
20240410;101017;566.85;160;10084008189;B
20240410;101017;566.9;65;10084008190;B
20240410;101017;566.9;4;10084008191;B
20240410;101017;566.95;275;10084008192;B
20240410;101018;566.95;1;10084008218;B
20240410;101021;566.95;10;10084008772;B
20240410;101021;566.95;2;10084008949;B
20240410;101023;566.9;1;10084009090;S
20240410;101023;566.95;1;10084009176;B
20240410;101023;566.95;1;10084009251;B
20240410;101024;566.95;3;10084009263;B
20240410;101024;566.95;1;10084009304;B
20240410;101024;566.95;55;10084009313;B
20240410;101025;566.95;4;10084009547;B
20240410;101025;567;2;10084009548;B
20240410;101025;567;15;10084009549;B
20240410;101025;567.05;4;10084009550;B
20240410;101025;567.05;64;10084009551;B
20240410;101025;567.15;141;10084009552;B
20240410;101025;567.15;112;10084009553;B
20240410;101025;567.2;3;10084009554;B
20240410;101025;567.2;55;10084009555;B
20240410;101026;567.2;10;10084009640;B
20240410;101027;567.2;10;10084009711;B
20240410;101031;567.2;20;10084010323;B
20240410;101031;567.2;1;10084010346;B
20240410;101032;567.05;1;10084010610;S
20240410;101035;567.15;57;10084010979;B
20240410;101036;567.2;1;10084011193;B
20240410;101036;567.2;3;10084011201;B
20240410;101039;567.2;1;10084011634;B
20240410;101040;567.1;2;10084011899;S
20240410;101043;567.2;1;10084012227;B
20240410;101043;567.2;2;10084012237;S
20240410;101044;567.25;3;10084012396;S
20240410;101044;567.3;1;10084012472;B
20240410;101047;567.3;1;10084012894;B
20240410;101047;567.3;6;10084013022;B
20240410;101049;567.35;1;10084013239;B
20240410;101050;567.35;42;10084013386;B
20240410;101050;567.35;2;10084013397;B
20240410;101050;567.35;40;10084013414;B
20240410;101050;567.35;4;10084013416;B
20240410;101050;567.35;14;10084013424;B
20240410;101050;567.35;7;10084013425;B
20240410;101050;567.35;3;10084013426;B
20240410;101050;567.35;3;10084013427;B
20240410;101050;567.35;4;10084013428;B
20240410;101050;567.35;3;10084013429;B
20240410;101050;567.35;3;10084013430;B
20240410;101050;567.35;3;10084013431;B
20240410;101050;567.35;3;10084013432;B
20240410;101050;567.35;3;10084013433;B
20240410;101050;567.35;3;10084013434;B
20240410;101050;567.35;3;10084013435;B
20240410;101050;567.35;11;10084013438;B
20240410;101050;567.35;3;10084013439;B
20240410;101050;567.35;2;10084013440;B
20240410;101050;567.35;2;10084013441;B
20240410;101050;567.35;1;10084013442;B
20240410;101050;567.35;2;10084013443;B
20240410;101050;567.35;1;10084013444;B
20240410;101050;567.35;2;10084013445;B
20240410;101050;567.35;1;10084013446;B
20240410;101050;567.35;2;10084013447;B
20240410;101050;567.35;1;10084013448;B
20240410;101050;567.35;2;10084013449;B
20240410;101050;567.35;1;10084013450;B
20240410;101050;567.35;2;10084013451;B
20240410;101050;567.35;1;10084013452;B
20240410;101050;567.35;2;10084013453;B
20240410;101050;567.35;1;10084013454;B
20240410;101050;567.35;2;10084013455;B
20240410;101050;567.35;1;10084013456;B
20240410;101050;567.35;2;10084013457;B
20240410;101050;567.35;1;10084013458;B
20240410;101050;567.35;2;10084013459;B
20240410;101050;567.35;1;10084013460;B
20240410;101050;567.35;2;10084013461;B
20240410;101050;567.35;1;10084013462;B
20240410;101050;567.35;2;10084013463;B
20240410;101050;567.35;1;10084013464;B
20240410;101050;567.35;2;10084013465;B
20240410;101050;567.35;1;10084013466;B
20240410;101050;567.35;2;10084013467;B
20240410;101050;567.35;1;10084013468;B
20240410;101050;567.35;2;10084013469;B
20240410;101050;567.35;1;10084013470;B
20240410;101050;567.35;2;10084013471;B
20240410;101050;567.35;1;10084013472;B
20240410;101050;567.35;2;10084013473;B
20240410;101050;567.35;1;10084013474;B
20240410;101050;567.35;2;10084013475;B
20240410;101050;567.35;1;10084013476;B
20240410;101050;567.35;2;10084013477;B
20240410;101050;567.35;1;10084013478;B
20240410;101050;567.35;2;10084013479;B
20240410;101050;567.35;1;10084013480;B
20240410;101050;567.35;2;10084013481;B
20240410;101050;567.35;1;10084013482;B
20240410;101050;567.35;2;10084013483;B
20240410;101050;567.35;1;10084013484;B
20240410;101050;567.35;2;10084013485;B
20240410;101050;567.35;1;10084013486;B
20240410;101050;567.35;2;10084013487;B
20240410;101050;567.35;1;10084013488;B
20240410;101050;567.35;2;10084013489;B
20240410;101050;567.35;1;10084013490;B
20240410;101050;567.35;2;10084013491;B
20240410;101050;567.35;1;10084013492;B
20240410;101050;567.35;2;10084013493;B
20240410;101050;567.35;1;10084013494;B
20240410;101050;567.35;2;10084013495;B
20240410;101050;567.35;1;10084013496;B
20240410;101050;567.35;2;10084013497;B
20240410;101050;567.35;1;10084013498;B
20240410;101050;567.35;2;10084013499;B
20240410;101050;567.35;1;10084013500;B
20240410;101050;567.35;2;10084013501;B
20240410;101050;567.35;1;10084013502;B
20240410;101050;567.35;2;10084013503;B
20240410;101050;567.35;1;10084013504;B
20240410;101050;567.35;2;10084013505;B
20240410;101050;567.35;3;10084013506;B
20240410;101050;567.35;3;10084013507;B
20240410;101050;567.35;3;10084013508;B
20240410;101050;567.35;3;10084013509;B
20240410;101050;567.35;2;10084013510;B
20240410;101050;567.35;3;10084013511;B
20240410;101050;567.35;3;10084013512;B
20240410;101050;567.35;3;10084013513;B
20240410;101050;567.35;3;10084013514;B
20240410;101050;567.35;1;10084013515;B
20240410;101050;567.35;14;10084013516;B
20240410;101050;567.35;3;10084013517;B
20240410;101050;567.35;3;10084013518;B
20240410;101050;567.35;3;10084013519;B
20240410;101050;567.35;3;10084013520;B
20240410;101050;567.35;3;10084013521;B
20240410;101050;567.35;3;10084013522;B
20240410;101050;567.35;3;10084013523;B
20240410;101050;567.35;3;10084013525;B
20240410;101050;567.35;2;10084013526;B
20240410;101050;567.35;3;10084013527;B
20240410;101050;567.35;3;10084013528;B
20240410;101050;567.35;3;10084013530;B
20240410;101050;567.35;1;10084013531;B
20240410;101050;567.35;6;10084013533;B
20240410;101050;567.4;1;10084013544;B
20240410;101050;567.4;27;10084013563;B
20240410;101050;567.4;2;10084013567;B
20240410;101050;567.4;3;10084013568;B
20240410;101052;567.35;2;10084013933;S
20240410;101053;567.3;1;10084014295;S
20240410;101054;567.35;1;10084014514;B
20240410;101054;567.4;1;10084014515;B
20240410;101054;567.4;60;10084014516;B
20240410;101054;567.45;141;10084014517;B
20240410;101054;567.5;3;10084014518;B
20240410;101054;567.5;59;10084014519;B
20240410;101058;567.4;5;10084015255;B
20240410;101059;567.4;1;10084015599;B
20240410;101059;567.4;12;10084015694;B
20240410;101100;567.4;3;10084015842;B
20240410;101101;567.4;1;10084016102;B
20240410;101104;567.4;4;10084016502;B
20240410;101105;567.4;115;10084016849;B
20240410;101105;567.4;15;10084016850;B
20240410;101106;567.4;129;10084016923;B
20240410;101106;567.4;2;10084016924;B
20240410;101106;567.4;30;10084016925;B
20240410;101106;567.4;1;10084016972;B
20240410;101106;567.4;1;10084017011;B
20240410;101106;567.4;20;10084017027;B
20240410;101107;567.4;1;10084017093;B
20240410;101107;567.35;1;10084017163;S
20240410;101107;567.35;2;10084017164;S
20240410;101109;567.4;141;10084017584;B
20240410;101109;567.45;141;10084017585;B
20240410;101109;567.45;59;10084017586;B
20240410;101109;567.45;144;10084017587;B
20240410;101109;567.5;31;10084017588;B
20240410;101109;567.5;51;10084017589;B
20240410;101109;567.5;3;10084017590;B
20240410;101109;567.5;396;10084017591;B
20240410;101111;567.65;1;10084017907;B
20240410;101112;567.65;1;10084017945;B
20240410;101112;567.7;12;10084017978;B
20240410;101115;567.55;30;10084018533;S
20240410;101116;567.55;1;10084018663;S
20240410;101119;567.65;1;10084019360;B
20240410;101119;567.65;1;10084019361;B
20240410;101121;567.55;28;10084019603;S
20240410;101121;567.55;60;10084019646;S
20240410;101121;567.5;51;10084019647;S
20240410;101121;567.6;36;10084019735;B
20240410;101123;567.5;1;10084020134;S
20240410;101125;567.5;336;10084020418;S
20240410;101125;567.5;4;10084020419;S
20240410;101125;567.45;534;10084020420;S
20240410;101126;567.45;131;10084020591;S
20240410;101127;567.45;14;10084020860;S
20240410;101128;567.5;1;10084021119;B
20240410;101128;567.5;2;10084021169;B
20240410;101128;567.45;60;10084021184;S
20240410;101129;567.45;3;10084021240;S
20240410;101129;567.5;10;10084021306;B
20240410;101131;567.45;14;10084021559;S
20240410;101131;567.45;45;10084021709;S
20240410;101131;567.5;1;10084021736;B
20240410;101132;567.45;1;10084021798;S
20240410;101132;567.5;1;10084021808;B
20240410;101134;567.45;64;10084022136;S
20240410;101134;567.45;2;10084022216;S
20240410;101134;567.5;1;10084022223;B
20240410;101135;567.45;6;10084022306;S
20240410;101135;567.5;1;10084022321;B
20240410;101135;567.45;1;10084022345;S
20240410;101136;567.5;1;10084022426;B
20240410;101138;567.5;13;10084022815;B
20240410;101140;567.45;1;10084023115;S
20240410;101140;567.45;1;10084023222;S
20240410;101140;567.5;1;10084023268;B
20240410;101141;567.5;20;10084023385;B
20240410;101142;567.45;112;10084023659;S
20240410;101145;567.5;1;10084024155;B
20240410;101146;567.5;5;10084024280;B
20240410;101148;567.5;20;10084024803;B
20240410;101148;567.5;18;10084024804;B
20240410;101149;567.5;2;10084024848;B
20240410;101149;567.5;5;10084024880;B
20240410;101151;567.45;1;10084025205;S
20240410;101153;567.5;1;10084025504;B
20240410;101154;567.5;1;10084025704;B
20240410;101155;567.5;1;10084025812;B
20240410;101156;567.45;1;10084025930;S
20240410;101156;567.45;1;10084026011;S
20240410;101157;567.5;1;10084026106;B
20240410;101158;567.45;2;10084026206;S
20240410;101158;567.45;39;10084026265;S
20240410;101201;567.5;1;10084026617;B
20240410;101202;567.5;4;10084026846;B
20240410;101203;567.45;3;10084026898;S
20240410;101203;567.5;24;10084026902;B
20240410;101203;567.5;1;10084026908;B
20240410;101205;567.5;1;10084027305;B
20240410;101208;567.5;7;10084027680;B
20240410;101208;567.5;92;10084027681;B
20240410;101208;567.5;1;10084027774;B
20240410;101209;567.5;4;10084027859;B
20240410;101209;567.5;1;10084027868;B
20240410;101210;567.5;1;10084028013;B
20240410;101210;567.45;2;10084028034;S
20240410;101211;567.45;1;10084028105;S
20240410;101217;567.5;8;10084028942;B
20240410;101219;567.5;35;10084029261;B
20240410;101219;567.5;2;10084029280;B
20240410;101219;567.45;2;10084029291;S
20240410;101220;567.45;800;10084029326;S
20240410;101220;567.45;80;10084029357;S
20240410;101220;567.5;1;10084029414;B
20240410;101222;567.45;1;10084029783;S
20240410;101223;567.45;20;10084030028;S
20240410;101224;567.5;1;10084030089;B
20240410;101224;567.45;3;10084030104;S
20240410;101225;567.5;3;10084030257;B
20240410;101225;567.45;3;10084030262;S
20240410;101225;567.45;1;10084030265;S
20240410;101226;567.5;2;10084030398;B
20240410;101226;567.45;1;10084030399;S
20240410;101228;567.5;1;10084030744;B
20240410;101228;567.45;2200;10084030868;S
20240410;101229;567.45;2;10084031048;S
20240410;101233;567.5;1;10084031789;B
20240410;101233;567.5;2;10084031790;B
20240410;101233;567.5;5;10084031830;B
20240410;101234;567.45;200;10084031976;S
20240410;101234;567.5;1;10084031980;B
20240410;101234;567.45;2;10084032000;S
20240410;101234;567.5;8;10084032007;B
20240410;101235;567.45;19;10084032103;S
20240410;101235;567.5;13;10084032172;B
20240410;101236;567.45;40;10084032193;S
20240410;101238;567.5;1;10084032579;B
20240410;101239;567.45;2;10084032667;S
20240410;101239;567.5;3;10084032671;B
20240410;101240;567.45;695;10084032819;S
20240410;101240;567.45;5;10084032854;S
20240410;101240;567.5;1;10084032861;B
20240410;101240;567.45;1;10084032926;S
20240410;101241;567.5;1;10084032969;B
20240410;101242;567.5;1;10084033092;B
20240410;101243;567.5;20;10084033315;B
20240410;101243;567.5;3;10084033317;B
20240410;101245;567.5;5;10084033778;B
20240410;101246;567.5;3;10084033898;B
20240410;101248;567.5;3;10084034161;B
20240410;101249;567.5;1;10084034321;B
20240410;101249;567.45;30;10084034332;S
20240410;101249;567.5;2;10084034354;B
20240410;101249;567.45;7;10084034397;S
20240410;101251;567.5;75;10084034788;B
20240410;101251;567.5;25;10084034789;B
20240410;101251;567.5;4;10084034942;B
20240410;101252;567.45;10;10084035033;S
20240410;101253;567.45;32;10084035486;S
20240410;101254;567.5;100;10084035667;B
20240410;101254;567.45;100;10084035680;S
20240410;101254;567.45;49;10084035681;S
20240410;101254;567.45;53;10084035682;S
20240410;101255;567.45;2;10084035940;S
20240410;101257;567.5;1;10084036111;B
20240410;101258;567.45;18;10084036309;S
20240410;101259;567.45;2;10084036419;S
20240410;101259;567.45;7;10084036483;S
20240410;101259;567.45;89;10084036503;S
20240410;101259;567.45;2;10084036504;S
20240410;101259;567.45;4;10084036505;S
20240410;101259;567.45;2;10084036506;S
20240410;101259;567.45;1;10084036507;S
20240410;101259;567.45;2;10084036508;S
20240410;101259;567.5;1;10084036512;B
20240410;101300;567.5;1;10084036577;B
20240410;101300;567.45;3;10084036593;S
20240410;101300;567.45;1;10084036671;S
20240410;101300;567.45;2;10084036672;S
20240410;101300;567.45;2;10084036689;S
20240410;101301;567.5;358;10084036807;B
20240410;101302;567.5;1;10084036913;B
20240410;101304;567.5;2;10084037289;B
20240410;101305;567.5;100;10084037519;B
20240410;101305;567.5;20;10084037563;B
20240410;101306;567.5;1;10084037777;B
20240410;101307;567.5;10;10084037932;B
20240410;101308;567.5;100;10084038048;B
20240410;101308;567.5;1;10084038055;B
20240410;101308;567.45;1;10084038082;S
20240410;101308;567.5;8;10084038123;B
20240410;101309;567.5;5;10084038139;B
20240410;101309;567.45;1;10084038224;S
20240410;101309;567.45;1;10084038276;B
20240410;101311;567.4;1;10084038442;S
20240410;101312;567.4;10;10084038474;S
20240410;101312;567.45;2;10084038604;B
20240410;101313;567.45;1;10084038686;B
20240410;101315;567.45;100;10084039014;B
20240410;101315;567.45;36;10084039026;B
20240410;101315;567.45;22;10084039027;B
20240410;101316;567.45;1;10084039165;B
20240410;101319;567.45;1;10084039566;B
20240410;101319;567.45;100;10084039684;B
20240410;101320;567.4;139;10084039715;S
20240410;101320;567.4;3;10084039763;B
20240410;101320;567.4;10;10084039771;B
20240410;101320;567.35;9;10084039793;S
20240410;101320;567.35;11;10084039794;S
20240410;101321;567.4;1;10084039952;B
20240410;101322;567.35;20;10084040000;S
20240410;101322;567.4;3;10084040029;B
20240410;101323;567.35;1;10084040128;S
20240410;101323;567.4;29;10084040146;B
20240410;101323;567.4;1;10084040183;B
20240410;101323;567.4;1;10084040275;B
20240410;101324;567.4;5;10084040389;B
20240410;101325;567.4;8;10084040513;B
20240410;101325;567.4;2;10084040514;B
20240410;101326;567.35;5;10084040707;S
20240410;101329;567.4;1;10084041115;B
20240410;101329;567.35;34;10084041204;S
20240410;101329;567.4;2;10084041217;B
20240410;101330;567.4;2;10084041367;B
20240410;101330;567.35;50;10084041413;S
20240410;101333;567.35;7;10084041753;S
20240410;101334;567.35;7;10084041840;S
20240410;101334;567.35;1;10084041841;S
20240410;101334;567.4;10;10084041881;B
20240410;101334;567.35;5;10084041898;S
20240410;101334;567.3;5;10084041899;S
20240410;101334;567.3;10;10084041900;S
20240410;101335;567.3;10;10084042086;S
20240410;101335;567.3;3;10084042087;S
20240410;101335;567.3;1;10084042088;S
20240410;101335;567.3;86;10084042089;S
20240410;101336;567.3;100;10084042124;S
20240410;101336;567.3;100;10084042176;S
20240410;101336;567.3;100;10084042198;S
20240410;101337;567.35;10;10084042256;B
20240410;101337;567.3;100;10084042298;S
20240410;101338;567.35;1;10084042442;B
20240410;101338;567.3;177;10084042473;S
20240410;101339;567.35;10;10084042577;B
20240410;101339;567.35;1;10084042698;B
20240410;101341;567.35;10;10084042880;B
20240410;101341;567.3;12;10084042890;S
20240410;101342;567.35;20;10084042970;B
20240410;101343;567.35;2;10084043087;B
20240410;101343;567.35;10;10084043171;B
20240410;101344;567.3;10;10084043369;S
20240410;101346;567.35;2;10084043568;B
20240410;101347;567.3;100;10084043813;S
20240410;101348;567.35;2;10084043854;B
20240410;101349;567.3;1;10084044044;S
20240410;101350;567.3;500;10084044191;S
20240410;101351;567.35;50;10084044340;B
20240410;101353;567.35;5;10084044495;B
20240410;101353;567.3;97;10084044514;S
20240410;101353;567.3;2;10084044598;S
20240410;101354;567.35;4;10084044716;B
20240410;101354;567.35;2;10084044752;B
20240410;101355;567.3;42;10084044791;S
20240410;101355;567.3;15;10084044859;S
20240410;101356;567.35;15;10084045092;B
20240410;101356;567.3;42;10084045134;S
20240410;101357;567.35;4;10084045247;B
20240410;101358;567.35;20;10084045440;B
20240410;101359;567.35;1;10084045633;B
20240410;101402;567.35;12;10084046069;B
20240410;101404;567.35;1;10084046362;B
20240410;101405;567.3;14;10084046509;S
20240410;101405;567.35;80;10084046561;B
20240410;101405;567.35;70;10084046562;B
20240410;101407;567.35;1;10084046862;B
20240410;101407;567.35;3;10084046901;B
20240410;101407;567.3;12;10084046933;S
20240410;101409;567.3;93;10084047177;S
20240410;101411;567.35;1;10084047677;B
20240410;101411;567.35;1;10084047814;B
20240410;101412;567.35;1;10084047945;B
20240410;101412;567.3;85;10084047978;S
20240410;101413;567.3;27;10084048138;S
20240410;101413;567.35;200;10084048322;B
20240410;101416;567.35;1;10084048689;B
20240410;101416;567.35;199;10084048690;B
20240410;101418;567.3;1;10084049061;S
20240410;101419;567.3;2;10084049072;S
20240410;101420;567.3;2;10084049251;S
20240410;101420;567.3;23;10084049254;S
20240410;101421;567.35;1;10084049320;B
20240410;101421;567.35;1;10084049405;B
20240410;101421;567.35;1;10084049413;B
20240410;101421;567.3;97;10084049461;S
20240410;101421;567.3;2;10084049462;S
20240410;101421;567.3;200;10084049463;S
20240410;101421;567.3;1;10084049464;S
20240410;101421;567.3;25;10084049465;S
20240410;101421;567.3;10;10084049466;S
20240410;101421;567.3;50;10084049467;S
20240410;101421;567.3;115;10084049468;S
20240410;101422;567.35;1;10084049552;B
20240410;101422;567.35;67;10084049648;B
20240410;101424;567.35;28;10084049911;B
20240410;101424;567.3;1;10084049950;S
20240410;101424;567.35;2;10084049975;B
20240410;101426;567.3;84;10084050196;S
20240410;101426;567.35;10;10084050373;B
20240410;101426;567.3;368;10084050413;S
20240410;101428;567.3;35;10084050812;S
20240410;101428;567.3;15;10084050821;S
20240410;101429;567.35;2;10084050980;B
20240410;101429;567.3;3;10084051043;S
20240410;101430;567.35;2;10084051086;B
20240410;101430;567.35;105;10084051107;B
20240410;101431;567.3;2;10084051174;S
20240410;101431;567.3;262;10084051186;S
20240410;101431;567.3;1;10084051228;S
20240410;101431;567.3;15;10084051246;S
20240410;101432;567.35;5;10084051336;B
20240410;101433;567.3;99;10084051472;S
20240410;101433;567.3;1;10084051473;S
20240410;101433;567.35;8;10084051557;B
20240410;101434;567.3;10;10084051619;S
20240410;101434;567.3;57;10084051681;S
20240410;101435;567.3;49;10084051795;S
20240410;101436;567.2;12;10084051968;S
20240410;101436;567.2;1;10084051969;S
20240410;101436;567.2;1;10084052010;B
20240410;101436;567.2;8;10084052015;B
20240410;101436;567.15;10;10084052034;S
20240410;101436;567.1;1;10084052035;S
20240410;101436;567.1;5;10084052036;S
20240410;101436;567.1;5;10084052037;S
20240410;101436;567.1;20;10084052038;S
20240410;101436;567.1;100;10084052039;S
20240410;101436;567.05;59;10084052040;S
20240410;101437;567.1;1;10084052125;B
20240410;101438;567.1;5;10084052193;B
20240410;101441;567.1;5;10084052587;B
20240410;101442;567.05;208;10084052757;S
20240410;101444;567.1;1;10084052971;B
20240410;101444;567.1;37;10084053025;B
20240410;101446;567.1;1;10084053197;B
20240410;101447;567.1;1;10084053365;B
20240410;101450;567.1;3;10084053753;B
20240410;101451;567.05;1;10084053823;S
20240410;101453;567.05;17;10084054167;S
20240410;101453;567.1;1;10084054250;B
20240410;101454;567.05;15;10084054340;S
20240410;101454;567.05;118;10084054342;S
20240410;101455;567.05;2;10084054441;S
20240410;101458;567.1;10;10084054836;B
20240410;101459;567.05;1;10084055048;S
20240410;101459;567.1;1;10084055049;B
20240410;101500;567.05;1;10084055349;S
20240410;101501;567.1;1;10084055397;B
20240410;101501;567.1;30;10084055411;B
20240410;101501;567.15;1;10084055436;B
20240410;101504;567.1;31;10084056241;S
20240410;101504;567.05;119;10084056242;S
20240410;101506;567.15;9;10084056654;B
20240410;101507;567.05;1;10084057093;S
20240410;101508;567.15;29;10084057166;B
20240410;101508;567.05;2;10084057365;S
20240410;101509;567.15;1;10084057549;B
20240410;101512;567.15;25;10084058152;B
20240410;101512;567.15;11;10084058293;B
20240410;101514;567.15;3;10084058543;B
20240410;101520;567.15;98;10084059907;B
20240410;101520;567.15;112;10084059908;B
20240410;101521;567.2;2;10084060275;B
20240410;101522;567.05;1;10084060303;S
20240410;101525;567.05;2;10084060940;S
20240410;101528;567.15;1;10084061421;B
20240410;101529;567.15;2;10084061688;B
20240410;101529;567.15;141;10084061774;B
20240410;101529;567.2;26;10084061775;B
20240410;101529;567.2;176;10084061776;B
20240410;101529;567.25;141;10084061777;B
20240410;101529;567.25;16;10084061778;B
20240410;101530;567.1;1;10084061967;S
20240410;101531;567.2;1;10084062236;B
20240410;101532;567.25;1;10084062399;B
20240410;101532;567.1;2;10084062510;S
20240410;101534;567.25;100;10084062728;B
20240410;101534;567.1;5;10084062748;S
20240410;101535;567.1;27;10084062943;S
20240410;101535;567.1;112;10084062944;S
20240410;101535;567.1;42;10084062972;S
20240410;101535;567.1;14;10084063034;S
20240410;101535;567.1;194;10084063075;S
20240410;101535;567.05;84;10084063134;S
20240410;101535;567.1;2;10084063205;B
20240410;101536;567.1;1;10084063266;B
20240410;101536;567.1;5;10084063374;B
20240410;101536;567.05;1;10084063387;S
20240410;101537;567.1;1;10084063573;B
20240410;101538;567.1;42;10084063685;B
20240410;101538;567.1;1;10084063799;B
20240410;101541;567.1;1;10084064671;B
20240410;101541;567.1;2;10084064781;B
20240410;101542;567.05;70;10084064839;S
20240410;101543;567.05;1;10084065168;S
20240410;101544;567.1;2;10084065538;B
20240410;101545;567.1;16;10084065569;B
20240410;101545;567.1;6;10084065587;B
20240410;101545;567.1;3;10084065614;B
20240410;101546;567.1;1;10084065822;B
20240410;101547;567.1;4;10084065980;B
20240410;101547;567.1;9;10084065983;B
20240410;101547;567.15;22;10084066014;B
20240410;101548;567.05;139;10084066103;S
20240410;101549;567.15;1;10084066341;B
20240410;101550;567.15;1;10084066448;B
20240410;101551;567.15;27;10084066624;B
20240410;101551;567.15;10;10084066638;B
20240410;101552;567.15;1;10084066848;B
20240410;101552;567.15;19;10084066901;B
20240410;101552;567.15;21;10084066940;B
20240410;101553;567.1;5;10084067014;S
20240410;101554;567.15;1;10084067129;B
20240410;101555;567.15;2;10084067282;B
20240410;101555;567.15;1;10084067324;B
20240410;101555;567.15;5;10084067417;B
20240410;101556;567.15;1;10084067483;B
20240410;101556;567.1;1;10084067518;S
20240410;101557;567.1;1;10084067618;S
20240410;101557;567.1;1;10084067619;S
20240410;101557;567.05;158;10084067620;S
20240410;101557;567.05;2;10084067621;S
20240410;101557;567.05;5;10084067622;S
20240410;101557;567.05;2;10084067623;S
20240410;101557;567.05;1;10084067624;S
20240410;101557;567.05;1;10084067625;S
20240410;101557;567.05;29;10084067626;S
20240410;101557;567.15;1;10084067804;B
20240410;101558;567.1;2;10084067879;S
20240410;101601;567.1;3;10084068410;B
20240410;101602;567.1;7;10084068475;S
20240410;101602;567.1;15;10084068476;S
20240410;101605;567.15;18;10084069016;B
20240410;101605;567.15;257;10084069065;B
20240410;101605;567.15;88;10084069066;B
