<DATE>;<TIME>;<LAST>;<VOL>;<ID>;<OPER>
20240229;095936;568.5;2;9725503006;S
20240229;095936;568.5;2;9725503007;S
20240229;095936;568.5;1;9725503008;S
20240229;095936;568.5;1;9725503009;S
20240229;095936;568.5;10;9725503010;S
20240229;095936;568.5;18;9725503011;S
20240229;095936;568.5;12;9725503012;S
20240229;095936;568.5;9;9725503013;S
20240229;095936;568.5;1;9725503014;S
20240229;095936;568.5;5;9725503015;S
20240229;095936;568.5;1;9725503016;S
20240229;095936;568.5;3;9725503017;S
20240229;095936;568.5;5;9725503018;S
20240229;095936;568.5;5;9725503019;S
20240229;095936;568.5;3;9725503020;B
20240229;095936;568.5;629;9725503021;S
20240229;095936;568.5;300;9725503022;S
20240229;095936;568.5;1;9725503023;S
20240229;095936;568.5;1;9725503024;B
20240229;095936;568.5;1;9725503025;B
20240229;095936;568.5;2;9725503026;B
20240229;095936;568.5;3;9725503027;B
20240229;095936;568.5;1;9725503028;S
20240229;095936;568.5;130;9725503029;B
20240229;095936;568.5;1;9725503030;B
20240229;095936;568.5;20;9725503031;B
20240229;095936;568.5;1;9725503032;B
20240229;095936;568.5;2;9725503033;B
20240229;095936;568.5;10;9725503034;B
20240229;095936;568.5;1;9725503035;B
20240229;095936;568.5;5;9725503036;B
20240229;095936;568.5;5;9725503037;B
20240229;095936;568.5;2;9725503038;B
20240229;095936;568.5;1;9725503039;B
20240229;095936;568.5;2;9725503040;B
20240229;095936;568.5;20;9725503041;B
20240229;095936;568.5;20;9725503042;B
20240229;095936;568.5;1;9725503043;B
20240229;095936;568.5;1;9725503044;B
20240229;095936;568.5;2;9725503045;B
20240229;095936;568.5;10;9725503046;S
20240229;095936;568.5;140;9725503047;B
20240229;095936;568.5;1;9725503048;B
20240229;095936;568.5;1;9725503049;B
20240229;095936;568.5;30;9725503050;B
20240229;095936;568.5;3;9725503051;S
20240229;095936;568.5;1;9725503052;S
20240229;095936;568.5;6;9725503053;S
20240229;095936;568.5;2;9725503054;S
20240229;095936;568.5;1;9725503055;S
20240229;095936;568.5;4;9725503056;S
20240229;095936;568.5;1;9725503057;S
20240229;095936;568.5;1;9725503058;S
20240229;095936;568.5;43;9725503059;B
20240229;095936;568.5;7;9725503060;B
20240229;095936;568.5;50;9725503061;B
20240229;095936;568.5;1;9725503062;B
20240229;095936;568.5;1;9725503063;B
20240229;095936;568.5;1;9725503064;B
20240229;095936;568.5;1;9725503065;S
20240229;095936;568.5;1;9725503066;S
20240229;095936;568.5;1;9725503067;B
20240229;095936;568.5;20;9725503068;B
20240229;095936;568.5;10;9725503069;B
20240229;095936;568.5;1;9725503070;S
20240229;095936;568.5;2;9725503071;S
20240229;095936;568.5;6;9725503072;S
20240229;095936;568.5;1;9725503073;S
20240229;095936;568.5;3;9725503074;S
20240229;095936;568.5;1;9725503075;S
20240229;095936;568.5;3;9725503076;S
20240229;095936;568.5;2;9725503077;S
20240229;095936;568.5;1;9725503078;S
20240229;095936;568.5;2;9725503079;S
20240229;095936;568.5;1;9725503080;S
20240229;095936;568.5;1;9725503081;S
20240229;095936;568.5;2;9725503082;S
20240229;095936;568.5;1;9725503083;S
20240229;095936;568.5;2;9725503084;S
20240229;095936;568.5;1;9725503085;S
20240229;095936;568.5;2;9725503086;S
20240229;095936;568.5;1;9725503087;S
20240229;095936;568.5;2;9725503088;S
20240229;095936;568.5;2;9725503089;S
20240229;095936;568.5;2;9725503090;S
20240229;095936;568.5;1000;9725503091;S
20240229;095936;568.5;2;9725503092;S
20240229;095936;568.5;1;9725503093;S
20240229;095936;568.5;5;9725503094;S
20240229;095936;568.5;10;9725503095;S
20240229;095936;568.5;1;9725503096;S
20240229;095936;568.5;10;9725503097;S
20240229;095936;568.5;33;9725503098;S
20240229;095936;568.5;1;9725503099;S
20240229;095936;568.5;1;9725503100;S
20240229;095936;568.5;2;9725503101;S
20240229;095936;568.5;5;9725503102;S
20240229;095936;568.5;2;9725503103;S
20240229;095936;568.5;1;9725503104;S
20240229;095936;568.5;1;9725503105;S
20240229;095936;568.5;7;9725503106;S
20240229;095936;568.5;1;9725503107;S
20240229;095936;568.5;4;9725503108;S
20240229;095936;568.5;65;9725503109;S
20240229;095936;568.5;1;9725503110;S
20240229;095936;568.5;1;9725503111;S
20240229;095936;568.5;455;9725503112;S
20240229;095936;568.5;2;9725503113;S
20240229;095936;568.5;2;9725503114;S
20240229;095936;568.5;5;9725503115;S
20240229;095936;568.5;671;9725503116;S
20240229;095936;568.5;8;9725503117;S
20240229;095936;568.5;4;9725503118;S
20240229;095936;568.5;1;9725503119;S
20240229;095936;568.5;5;9725503120;S
20240229;095936;568.5;2;9725503121;B
20240229;095936;568.5;1;9725503122;B
20240229;095936;568.5;2;9725503123;B
20240229;095936;568.5;1;9725503124;B
20240229;095936;568.5;1;9725503125;B
20240229;095936;568.5;2;9725503126;B
20240229;095936;568.5;3;9725503127;B
20240229;095936;568.5;2;9725503128;B
20240229;095936;568.5;1;9725503129;B
20240229;095936;568.5;1;9725503130;B
20240229;095936;568.5;1;9725503131;B
20240229;095936;568.5;2;9725503132;B
20240229;095936;568.5;1;9725503133;B
20240229;095936;568.5;10;9725503134;S
20240229;095936;568.5;20;9725503135;S
20240229;095936;568.5;1;9725503136;S
20240229;095936;568.5;10;9725503137;S
20240229;095936;568.5;1;9725503138;S
20240229;095936;568.5;1;9725503139;S
20240229;095936;568.5;10;9725503140;S
20240229;095936;568.5;238;9725503141;S
20240229;095936;568.5;1;9725503142;S
20240229;095936;568.5;3;9725503143;S
20240229;095936;568.5;1;9725503144;S
20240229;095936;568.5;3;9725503145;S
20240229;095936;568.5;11;9725503146;S
20240229;095936;568.5;3;9725503147;S
20240229;095936;568.5;4;9725503148;S
20240229;095936;568.5;2;9725503149;S
20240229;095936;568.5;5;9725503150;S
20240229;095936;568.5;1;9725503151;S
20240229;095936;568.5;3;9725503152;S
20240229;095936;568.5;3;9725503153;S
20240229;095936;568.5;20;9725503154;S
20240229;095936;568.5;1;9725503155;B
20240229;095936;568.5;5;9725503156;B
20240229;095936;568.5;5;9725503157;B
20240229;095936;568.5;7;9725503158;B
20240229;095936;568.5;1;9725503159;B
20240229;095936;568.5;2;9725503160;B
20240229;095936;568.5;1;9725503161;B
20240229;100001;568.4;10;9725508594;S
20240229;100001;568.4;1;9725508595;S
20240229;100001;568.4;50;9725508596;S
20240229;100001;568.4;1;9725508597;S
20240229;100001;568.35;18;9725508641;S
20240229;100001;568.35;3;9725508642;S
20240229;100001;568.35;1;9725508643;S
20240229;100001;568.35;5;9725508644;S
20240229;100001;568.35;3;9725508645;S
20240229;100001;568.35;3;9725508646;S
20240229;100001;568.35;1;9725508647;S
20240229;100001;568.35;3;9725508648;S
20240229;100001;568.3;62;9725508649;S
20240229;100001;568.5;100;9725508651;B
20240229;100001;568.45;1;9725508859;B
20240229;100001;568.3;450;9725509021;S
20240229;100001;568.3;649;9725509040;S
20240229;100001;568.3;355;9725509048;S
20240229;100001;568.35;1;9725509139;B
20240229;100002;568.35;1;9725509453;B
20240229;100003;568.3;2;9725510269;S
20240229;100005;568.35;2;9725510760;B
20240229;100005;568.35;1;9725510761;B
20240229;100005;568.3;2;9725510762;S
20240229;100005;568.35;1;9725510763;B
20240229;100005;568.3;2;9725510764;S
20240229;100005;568.35;2;9725510765;B
20240229;100005;568.35;1;9725510768;B
20240229;100005;568.35;1;9725510769;B
20240229;100005;568.35;2;9725510771;B
20240229;100005;568.35;5;9725510774;B
20240229;100005;568.3;2;9725510775;S
20240229;100005;568.35;1;9725510934;B
20240229;100005;568.35;1;9725510935;B
20240229;100005;568.35;2;9725510936;B
20240229;100005;568.3;2;9725510938;S
20240229;100005;568.35;1;9725510939;B
20240229;100005;568.35;1;9725510940;B
20240229;100005;568.3;2;9725510942;S
20240229;100005;568.35;1;9725510944;B
20240229;100005;568.35;2;9725510945;B
20240229;100005;568.3;1;9725510946;S
20240229;100005;568.35;2;9725510947;B
20240229;100005;568.35;1;9725510951;B
20240229;100005;568.3;2;9725511162;S
20240229;100005;568.35;1;9725511164;B
20240229;100005;568.35;1;9725511165;B
20240229;100005;568.35;2;9725511168;B
20240229;100005;568.35;1;9725511169;B
20240229;100005;568.3;1;9725511170;S
20240229;100005;568.3;2;9725511171;S
20240229;100005;568.35;1;9725511172;B
20240229;100005;568.35;2;9725511226;B
20240229;100005;568.35;1;9725511334;B
20240229;100005;568.35;1;9725511335;B
20240229;100005;568.35;2;9725511347;B
20240229;100005;568.35;2;9725511348;B
20240229;100005;568.35;1;9725511349;B
20240229;100005;568.35;1;9725511353;B
20240229;100005;568.35;2;9725511354;B
20240229;100005;568.3;2;9725511355;S
20240229;100005;568.35;5;9725511356;B
20240229;100005;568.3;3;9725511538;S
20240229;100005;568.35;2;9725511541;B
20240229;100005;568.3;2;9725511542;S
20240229;100005;568.35;2;9725511543;B
20240229;100005;568.35;1;9725511544;B
20240229;100005;568.35;2;9725511545;B
20240229;100005;568.35;1;9725511549;B
20240229;100005;568.35;100;9725511552;B
20240229;100005;568.35;1;9725511553;B
20240229;100005;568.35;3;9725511714;B
20240229;100005;568.35;1;9725511742;B
20240229;100005;568.35;8;9725511764;B
20240229;100005;568.3;1;9725511778;S
20240229;100005;568.3;2;9725511789;S
20240229;100005;568.35;1;9725511804;B
20240229;100005;568.3;15;9725511810;S
20240229;100005;568.35;3;9725511812;B
20240229;100005;568.35;1;9725511814;B
20240229;100005;568.35;2;9725511821;B
20240229;100005;568.35;2;9725511825;B
20240229;100005;568.35;9;9725511827;B
20240229;100005;568.35;2;9725511830;B
20240229;100005;568.35;5;9725511836;B
20240229;100005;568.35;2;9725511844;B
20240229;100005;568.35;1;9725511845;B
20240229;100005;568.35;1;9725511846;B
20240229;100005;568.35;2;9725511847;B
20240229;100005;568.35;2;9725511848;B
20240229;100005;568.35;2;9725511850;B
20240229;100005;568.3;5;9725511851;S
20240229;100005;568.35;1;9725511853;B
20240229;100005;568.3;1;9725511855;S
20240229;100006;568.3;2;9725511857;S
20240229;100006;568.3;2;9725511859;S
20240229;100006;568.35;3;9725511868;B
20240229;100006;568.3;2;9725512026;S
20240229;100006;568.35;2;9725512028;B
20240229;100006;568.3;10;9725512035;S
20240229;100006;568.35;1;9725512039;B
20240229;100006;568.3;1;9725512055;S
20240229;100006;568.35;1;9725512058;B
20240229;100006;568.35;3;9725512071;B
20240229;100006;568.35;2;9725512078;B
20240229;100006;568.35;2;9725512081;B
20240229;100006;568.35;1;9725512238;B
20240229;100006;568.35;1;9725512241;B
20240229;100006;568.35;1;9725512243;B
20240229;100006;568.35;2;9725512244;B
20240229;100006;568.35;1;9725512245;B
20240229;100006;568.3;7;9725512254;S
20240229;100006;568.35;1;9725512257;B
20240229;100006;568.3;1;9725512258;S
20240229;100006;568.35;1;9725512260;B
20240229;100006;568.35;1;9725512261;B
20240229;100006;568.35;2;9725512262;B
20240229;100006;568.35;1;9725512264;B
20240229;100006;568.3;2;9725512265;S
20240229;100006;568.35;1;9725512266;B
20240229;100006;568.3;2;9725512267;S
20240229;100006;568.3;1;9725512268;S
20240229;100006;568.35;2;9725512269;B
20240229;100006;568.35;2;9725512270;B
20240229;100006;568.3;1;9725512272;S
20240229;100006;568.35;2;9725512273;B
20240229;100006;568.35;1;9725512275;B
20240229;100006;568.35;1;9725512277;B
20240229;100006;568.35;1;9725512281;B
20240229;100006;568.35;2;9725512284;B
20240229;100006;568.35;2;9725512285;B
20240229;100006;568.35;2;9725512287;B
20240229;100006;568.35;2;9725512291;B
20240229;100006;568.35;2;9725512294;B
20240229;100006;568.3;8;9725512791;S
20240229;100006;568.3;1;9725512792;S
20240229;100006;568.35;9;9725512793;B
20240229;100006;568.35;1;9725512794;B
20240229;100006;568.35;1;9725512796;B
20240229;100006;568.35;1;9725512798;B
20240229;100006;568.3;6;9725512801;S
20240229;100006;568.35;10;9725512802;B
20240229;100006;568.35;1;9725512803;B
20240229;100006;568.35;6;9725512807;B
20240229;100006;568.35;10;9725512916;B
20240229;100006;568.35;1;9725512919;B
20240229;100006;568.35;2;9725512933;B
20240229;100006;568.3;2;9725512935;S
20240229;100006;568.35;2;9725512936;B
20240229;100006;568.3;2;9725512937;S
20240229;100006;568.3;2;9725512938;S
20240229;100006;568.3;2;9725512939;S
20240229;100006;568.35;1;9725512942;B
20240229;100006;568.4;2;9725512944;B
20240229;100006;568.35;2;9725512945;B
20240229;100006;568.35;2;9725512959;B
20240229;100007;568.3;2;9725513209;S
20240229;100007;568.3;1;9725513211;S
20240229;100007;568.35;8;9725513213;B
20240229;100007;568.35;1;9725513215;B
20240229;100007;568.35;2;9725513217;B
20240229;100007;568.35;3;9725513218;B
20240229;100007;568.35;2;9725513222;B
20240229;100007;568.35;1;9725513223;B
20240229;100007;568.35;2;9725513224;B
20240229;100007;568.35;1;9725513231;B
20240229;100007;568.35;2;9725513232;B
20240229;100007;568.35;1;9725513233;B
20240229;100007;568.35;1;9725513235;B
20240229;100007;568.35;2;9725513236;B
20240229;100007;568.3;2;9725513237;S
20240229;100007;568.35;1;9725513239;B
20240229;100007;568.35;2;9725513241;B
20240229;100007;568.35;1;9725513539;B
20240229;100007;568.3;2;9725513541;S
20240229;100007;568.35;1;9725513543;B
20240229;100007;568.35;1;9725513544;B
20240229;100007;568.35;1;9725513545;B
20240229;100007;568.35;1;9725513546;B
20240229;100007;568.35;2;9725513547;B
20240229;100007;568.35;1;9725513548;B
20240229;100007;568.35;100;9725513549;B
20240229;100007;568.35;2;9725513550;B
20240229;100007;568.3;10;9725513551;S
20240229;100007;568.35;5;9725513552;B
20240229;100007;568.35;1;9725513553;B
20240229;100007;568.35;10;9725513554;B
20240229;100007;568.35;100;9725513555;B
20240229;100007;568.35;2;9725513556;B
20240229;100007;568.35;10;9725513557;B
20240229;100007;568.35;4;9725513558;B
20240229;100007;568.35;2;9725513559;B
20240229;100007;568.3;2;9725513561;S
20240229;100007;568.35;2;9725513563;B
20240229;100007;568.35;1;9725513565;B
20240229;100007;568.35;2;9725513568;B
20240229;100007;568.35;1;9725513743;B
20240229;100007;568.35;1;9725513744;B
20240229;100007;568.3;2;9725513745;S
20240229;100007;568.35;3;9725513746;B
20240229;100007;568.3;2;9725513747;S
20240229;100007;568.35;3;9725513748;B
20240229;100007;568.35;1;9725513749;B
20240229;100007;568.35;2;9725513750;B
20240229;100007;568.3;2;9725513751;S
20240229;100007;568.35;2;9725513754;B
20240229;100007;568.35;2;9725513755;B
20240229;100007;568.35;2;9725513878;B
20240229;100007;568.35;1;9725513947;B
20240229;100007;568.35;1;9725513948;B
20240229;100007;568.3;2;9725513949;S
20240229;100007;568.3;1;9725513950;S
20240229;100007;568.3;2;9725513951;S
20240229;100007;568.3;4;9725513952;S
20240229;100007;568.3;2;9725513953;S
20240229;100007;568.3;24;9725513954;S
20240229;100007;568.3;14;9725514065;S
20240229;100007;568.3;123;9725514080;S
20240229;100007;568.3;55;9725514094;S
20240229;100008;568.3;2;9725514290;S
20240229;100008;568.35;2;9725514291;B
20240229;100008;568.35;2;9725514292;B
20240229;100008;568.3;2;9725514293;S
20240229;100008;568.35;1;9725514294;B
20240229;100008;568.35;1;9725514295;B
20240229;100008;568.35;1;9725514296;B
20240229;100008;568.35;2;9725514297;B
20240229;100008;568.35;10;9725514613;B
20240229;100008;568.35;1;9725514614;B
20240229;100008;568.35;1;9725514615;B
20240229;100008;568.3;2;9725514616;S
20240229;100008;568.3;1;9725514617;S
20240229;100008;568.35;1;9725514618;B
20240229;100008;568.35;1;9725514619;B
20240229;100008;568.35;4;9725514620;B
20240229;100008;568.35;1;9725514621;B
20240229;100008;568.35;2;9725514622;B
20240229;100009;568.3;2;9725514763;S
20240229;100009;568.35;1;9725514967;B
20240229;100009;568.3;2;9725514968;S
20240229;100009;568.35;1;9725514969;B
20240229;100009;568.35;2;9725514970;B
20240229;100009;568.35;2;9725514971;B
20240229;100009;568.35;2;9725514972;B
20240229;100009;568.3;1;9725514973;S
20240229;100009;568.35;100;9725514974;B
20240229;100009;568.35;100;9725514979;B
20240229;100009;568.35;62;9725514982;B
20240229;100009;568.35;38;9725514983;B
20240229;100010;568.3;7;9725515362;S
20240229;100010;568.3;15;9725515390;S
20240229;100010;568.35;1;9725515425;B
20240229;100010;568.3;10;9725515439;S
20240229;100010;568.35;174;9725515471;B
20240229;100010;568.35;100;9725515482;B
20240229;100011;568.3;3;9725515751;S
20240229;100012;568.3;29;9725515957;S
20240229;100012;568.3;41;9725516026;S
20240229;100012;568.3;68;9725516080;S
20240229;100012;568.3;16;9725516160;S
20240229;100012;568.3;2;9725516186;S
20240229;100012;568.35;4;9725516216;B
20240229;100013;568.3;18;9725516304;S
20240229;100013;568.3;16;9725516331;S
20240229;100013;568.3;35;9725516334;S
20240229;100013;568.35;21;9725516438;B
20240229;100013;568.4;158;9725516439;B
20240229;100014;568.35;2;9725516677;B
20240229;100014;568.35;1;9725516691;B
20240229;100015;568.35;1;9725516954;B
20240229;100018;568.35;15;9725517971;B
20240229;100019;568.3;31;9725518303;S
20240229;100021;568.3;3;9725518555;S
20240229;100021;568.3;246;9725518566;S
20240229;100021;568.35;1;9725518628;B
20240229;100022;568.35;120;9725518736;B
20240229;100022;568.35;160;9725518737;B
20240229;100022;568.35;40;9725518738;B
20240229;100022;568.35;100;9725518740;B
20240229;100022;568.35;111;9725518963;B
20240229;100022;568.35;100;9725518964;B
20240229;100023;568.35;1;9725519119;B
20240229;100024;568.3;2;9725519456;S
20240229;100025;568.3;176;9725519584;S
20240229;100026;568.3;5;9725519865;S
20240229;100027;568.35;1;9725520173;B
20240229;100028;568.3;200;9725520391;S
20240229;100028;568.3;114;9725520392;S
20240229;100028;568.3;9;9725520440;S
20240229;100028;568.3;12;9725520461;S
20240229;100028;568.3;100;9725520462;S
20240229;100028;568.3;43;9725520463;S
20240229;100028;568.3;27;9725520489;S
20240229;100028;568.35;2;9725520567;B
20240229;100029;568.35;4;9725520768;B
20240229;100029;568.35;10;9725520906;B
20240229;100030;568.3;30;9725520974;S
20240229;100030;568.3;100;9725520975;S
20240229;100030;568.3;100;9725520976;S
20240229;100030;568.3;70;9725520977;S
20240229;100030;568.3;30;9725520978;S
20240229;100030;568.3;10;9725520979;S
20240229;100030;568.25;5;9725520980;S
20240229;100030;568.25;100;9725520981;S
20240229;100030;568.2;2;9725520982;S
20240229;100030;568.2;1;9725520983;S
20240229;100030;568.2;1;9725520984;S
20240229;100030;568.2;100;9725520985;B
20240229;100030;568.2;3;9725521037;B
20240229;100031;568.2;4;9725521267;B
20240229;100031;568.15;2;9725521389;S
20240229;100031;568.15;67;9725521390;S
20240229;100031;568.15;33;9725521424;S
20240229;100031;568.1;2;9725521425;S
20240229;100031;568.05;10;9725521505;S
20240229;100031;568.05;34;9725521506;S
20240229;100033;568.15;1;9725521690;B
20240229;100033;568.15;100;9725521769;B
20240229;100034;568.15;1;9725521849;B
20240229;100034;568.05;22;9725521972;S
20240229;100034;568.05;369;9725521973;S
20240229;100034;568.15;1;9725522010;B
20240229;100035;568.15;2;9725522184;B
20240229;100035;568.15;1;9725522252;B
20240229;100037;568.15;12;9725522555;B
20240229;100037;568.05;2;9725522616;S
20240229;100037;568.1;18;9725522673;S
20240229;100037;568.05;49;9725522674;S
20240229;100037;568;5;9725522691;S
20240229;100037;568;2;9725522692;S
20240229;100037;568;1;9725522693;S
20240229;100037;568;1;9725522694;S
20240229;100037;568;1;9725522695;S
20240229;100037;568;2;9725522696;S
20240229;100037;568;90;9725522697;S
20240229;100037;568;10;9725522698;S
20240229;100037;568;74;9725522699;S
20240229;100037;568;2;9725522700;S
20240229;100037;568;50;9725522701;S
20240229;100037;568;1;9725522702;S
20240229;100037;568;1;9725522703;S
20240229;100037;568;3;9725522704;S
20240229;100037;568;57;9725522705;S
20240229;100037;568.05;100;9725522706;S
20240229;100038;568;15;9725522828;S
20240229;100039;568;100;9725522941;S
20240229;100040;568;1;9725523216;S
20240229;100044;568.05;1;9725524252;B
20240229;100045;568.05;1;9725524385;B
20240229;100046;568;15;9725524781;S
20240229;100046;568;10;9725524782;S
20240229;100046;568;2;9725524783;S
20240229;100046;568;2;9725524784;S
20240229;100046;568;1;9725524785;S
20240229;100046;568;1;9725524786;S
20240229;100046;568;1;9725524787;S
20240229;100046;568;1;9725524788;S
20240229;100046;568;3;9725524789;S
20240229;100047;568.05;198;9725524862;B
20240229;100047;568.05;140;9725524863;B
20240229;100047;568.05;79;9725524865;S
20240229;100047;568.05;30;9725524866;S
20240229;100047;568.05;100;9725524867;S
20240229;100047;568.05;91;9725524868;S
20240229;100047;568.1;9;9725524869;S
20240229;100047;568.1;100;9725524870;S
20240229;100047;568.1;31;9725524871;B
20240229;100047;568.1;69;9725524872;S
20240229;100047;568.1;71;9725524873;S
20240229;100047;568.1;29;9725524874;S
20240229;100047;568.05;30;9725524875;S
20240229;100047;568.05;270;9725524876;B
20240229;100047;568.05;147;9725524877;S
20240229;100047;568.05;30;9725524878;S
20240229;100047;568.05;123;9725524879;B
20240229;100047;568.2;100;9725524880;S
20240229;100047;568.2;100;9725524881;B
20240229;100047;568.2;100;9725524882;B
20240229;100047;568.25;100;9725524883;B
20240229;100047;568.2;100;9725524884;S
20240229;100047;568.2;100;9725524885;S
20240229;100047;568.2;100;9725524886;S
20240229;100047;568.1;30;9725524887;S
20240229;100047;568.25;100;9725524888;B
20240229;100047;568.2;100;9725524890;S
20240229;100047;568.1;30;9725524891;S
20240229;100047;568.05;270;9725524936;B
20240229;100047;568.15;30;9725524937;S
20240229;100047;568.2;44;9725524941;B
20240229;100047;568.05;2;9725524968;S
20240229;100047;568.05;1;9725524998;S
20240229;100049;568.2;256;9725525262;B
20240229;100049;568.2;140;9725525263;B
20240229;100049;568.25;140;9725525264;B
20240229;100049;568.3;82;9725525265;B
20240229;100049;568.1;30;9725525266;S
20240229;100049;568;97;9725525268;S
20240229;100049;568;49;9725525269;S
20240229;100049;568;10;9725525270;S
20240229;100049;568;1;9725525271;S
20240229;100049;568;20;9725525272;S
20240229;100049;568;3;9725525273;S
20240229;100049;568;12;9725525274;S
20240229;100049;568;29;9725525275;S
20240229;100049;568;4;9725525276;S
20240229;100049;568;75;9725525277;S
20240229;100049;568.2;100;9725525280;S
20240229;100049;568.05;30;9725525281;S
20240229;100049;568;170;9725525282;S
20240229;100049;568.25;100;9725525283;B
20240229;100049;568.25;100;9725525284;B
20240229;100049;568.25;100;9725525285;B
20240229;100049;568.25;100;9725525286;S
20240229;100049;568.2;100;9725525287;B
20240229;100049;568.2;100;9725525288;B
20240229;100049;568.25;100;9725525290;S
20240229;100049;568.25;100;9725525291;S
20240229;100049;568.25;100;9725525292;S
20240229;100049;568.25;100;9725525299;S
20240229;100050;568.25;9;9725525453;B
20240229;100051;568.05;20;9725525736;S
20240229;100053;568.05;1;9725526149;S
20240229;100054;568.05;9;9725526344;S
20240229;100054;568;4;9725526345;S
20240229;100056;568.05;30;9725526681;S
20240229;100056;568;2;9725526682;S
20240229;100057;568.25;1;9725526958;B
20240229;100059;568.05;41;9725527216;S
20240229;100059;568.25;1;9725527247;B
20240229;100059;568.25;9;9725527309;B
20240229;100100;568.15;3;9725527516;B
20240229;100100;568.05;38;9725527517;S
20240229;100102;568.15;4;9725527965;B
20240229;100103;568.15;92;9725528031;B
20240229;100103;568.2;1;9725528032;B
20240229;100103;568.2;300;9725528033;B
20240229;100103;568.25;300;9725528034;S
20240229;100103;568.25;300;9725528037;S
20240229;100103;568.25;300;9725528038;S
20240229;100103;568.25;300;9725528040;S
20240229;100103;568.25;300;9725528041;S
20240229;100103;568.25;300;9725528042;S
20240229;100103;568.25;300;9725528044;S
20240229;100103;568.25;300;9725528045;S
20240229;100103;568.25;300;9725528047;S
20240229;100103;568.25;300;9725528048;S
20240229;100103;568.3;1;9725528049;B
20240229;100103;568.35;35;9725528050;B
20240229;100103;568.35;30;9725528051;B
20240229;100103;568.35;300;9725528052;B
20240229;100104;568.35;1;9725528248;S
20240229;100106;568.35;1;9725528710;S
20240229;100106;568.35;14;9725528814;S
20240229;100106;568.35;16;9725528844;S
20240229;100106;568.35;108;9725528845;S
20240229;100111;568.35;5;9725529810;S
20240229;100111;568.4;1;9725529831;B
20240229;100111;568.4;154;9725529832;B
20240229;100111;568.4;2;9725529850;B
20240229;100111;568.4;144;9725529853;B
20240229;100111;568.4;140;9725529854;B
20240229;100111;568.45;1;9725529855;B
20240229;100111;568.45;140;9725529856;B
20240229;100111;568.5;380;9725529857;B
20240229;100111;568.5;3;9725529858;B
20240229;100111;568.5;4;9725529859;B
20240229;100111;568.5;140;9725529860;B
20240229;100111;568.45;30;9725529861;S
20240229;100111;568.45;100;9725529862;B
20240229;100111;568.45;100;9725529863;B
20240229;100112;568.45;70;9725529929;B
20240229;100112;568.45;30;9725529930;S
20240229;100112;568.45;270;9725529931;B
20240229;100112;568.5;300;9725529933;B
20240229;100112;568.55;1;9725530005;B
20240229;100112;568.5;11;9725530045;S
20240229;100112;568.5;145;9725530054;S
20240229;100112;568.5;1;9725530061;S
20240229;100113;568.5;1;9725530223;S
20240229;100114;568.5;1;9725530275;B
20240229;100122;568.5;1;9725531715;B
20240229;100124;568.45;1;9725532217;B
20240229;100124;568.45;1;9725532221;B
20240229;100125;568.35;17;9725532248;S
20240229;100127;568.35;110;9725532718;S
20240229;100128;568.35;127;9725532775;S
20240229;100129;568.45;1;9725533027;B
20240229;100132;568.45;297;9725533660;B
20240229;100132;568.5;1;9725533661;B
20240229;100132;568.5;2;9725533662;B
20240229;100132;568.5;1;9725533663;B
20240229;100132;568.5;2;9725533664;B
20240229;100132;568.5;197;9725533665;B
20240229;100135;568.35;3;9725534143;S
20240229;100135;568.35;300;9725534144;B
20240229;100135;568.35;3;9725534244;S
20240229;100137;568.35;1;9725534593;S
20240229;100138;568.4;2;9725534703;B
20240229;100138;568.35;104;9725534744;S
20240229;100138;568.35;26;9725534785;S
20240229;100138;568.35;150;9725534904;S
20240229;100139;568.3;27;9725534964;S
20240229;100139;568.35;5;9725535155;B
20240229;100140;568.35;1;9725535239;B
20240229;100141;568.35;1;9725535335;B
20240229;100141;568.3;3;9725535441;S
20240229;100142;568.3;7;9725535558;S
20240229;100142;568.3;28;9725535628;S
20240229;100143;568.35;1;9725535779;B
20240229;100144;568.3;9;9725535837;S
20240229;100144;568.35;1;9725535940;B
20240229;100146;568.35;2;9725536239;B
20240229;100146;568.35;10;9725536300;B
20240229;100148;568.3;41;9725536754;S
20240229;100148;568.3;6;9725536755;S
20240229;100148;568.2;1;9725536756;S
20240229;100148;568.2;7;9725536793;S
20240229;100148;568.15;30;9725536801;S
20240229;100148;568.15;31;9725536802;S
20240229;100148;568.15;7;9725536839;S
20240229;100152;568.3;1;9725537526;B
20240229;100154;568.25;3;9725537880;S
20240229;100157;568.25;35;9725538419;S
20240229;100158;568.3;1;9725538523;B
20240229;100158;568.2;1;9725538624;S
20240229;100200;568.3;250;9725539022;B
20240229;100205;568.3;1;9725539999;B
20240229;100207;568.3;11;9725540319;B
20240229;100208;568.2;4;9725540639;S
20240229;100209;568.2;112;9725540874;S
20240229;100210;568.2;18;9725541131;S
20240229;100211;568.2;2;9725541272;S
20240229;100215;568.2;34;9725541949;S
20240229;100215;568.3;1;9725542108;B
20240229;100217;568.2;26;9725542420;S
20240229;100220;568.3;20;9725543140;B
20240229;100222;568.3;3;9725543351;B
20240229;100225;568.2;50;9725543822;S
20240229;100226;568.2;90;9725544059;S
20240229;100226;568.2;1;9725544060;S
20240229;100226;568.15;19;9725544061;S
20240229;100226;568.2;14;9725544285;S
20240229;100228;568.25;9;9725544635;S
20240229;100228;568.3;3;9725544696;B
20240229;100229;568.25;9;9725544734;S
20240229;100229;568.25;8;9725544781;S
20240229;100230;568.25;14;9725544969;S
20240229;100230;568.25;80;9725545003;S
20240229;100230;568.3;9;9725545032;B
20240229;100230;568.3;1;9725545033;B
20240229;100230;568.3;1;9725545034;B
20240229;100230;568.3;9;9725545035;B
20240229;100230;568.3;4;9725545133;B
20240229;100230;568.25;1;9725545221;S
20240229;100231;568.25;3;9725545295;S
20240229;100232;568.3;1;9725545538;B
20240229;100232;568.25;68;9725545603;S
20240229;100233;568.3;2;9725545797;B
20240229;100233;568.3;5;9725545818;B
20240229;100234;568.25;44;9725545940;S
20240229;100234;568.3;2;9725546128;B
20240229;100234;568.3;1;9725546129;B
20240229;100234;568.35;1;9725546132;B
20240229;100235;568.3;17;9725546207;S
20240229;100235;568.3;14;9725546421;S
20240229;100236;568.35;2;9725546584;B
20240229;100238;568.3;1;9725546986;S
20240229;100238;568.35;1;9725546987;B
20240229;100240;568.35;2;9725547304;B
20240229;100241;568.35;7;9725547547;B
20240229;100241;568.3;165;9725547554;S
20240229;100241;568.3;133;9725547555;S
20240229;100241;568.3;3;9725547582;S
20240229;100241;568.35;1;9725547605;B
20240229;100242;568.3;1;9725547793;S
20240229;100242;568.35;2;9725547840;B
20240229;100243;568.35;2;9725547934;B
20240229;100244;568.3;17;9725548249;S
20240229;100245;568.35;1;9725548442;B
20240229;100247;568.3;7;9725548771;S
20240229;100247;568.3;2;9725548772;S
20240229;100247;568.3;4;9725548773;S
20240229;100247;568.35;1;9725548850;B
20240229;100247;568.35;4;9725548915;B
20240229;100247;568.3;4;9725548942;S
20240229;100249;568.3;1;9725549313;S
20240229;100249;568.3;7;9725549319;S
20240229;100249;568.3;7;9725549320;S
20240229;100249;568.3;14;9725549363;S
20240229;100249;568.3;60;9725549402;S
20240229;100249;568.25;9;9725549403;S
20240229;100250;568.35;2;9725549724;B
20240229;100251;568.3;18;9725549891;S
20240229;100252;568.35;1;9725550121;B
20240229;100253;568.35;1;9725550287;B
20240229;100254;568.35;1;9725550467;B
20240229;100254;568.3;3;9725550534;S
20240229;100255;568.3;1;9725550597;S
20240229;100256;568.3;2;9725551076;S
20240229;100258;568.3;13;9725551443;S
20240229;100258;568.35;1;9725551518;B
20240229;100258;568.3;1;9725551634;S
20240229;100258;568.35;64;9725551663;B
20240229;100300;568.3;2;9725551938;S
20240229;100300;568.35;50;9725551967;B
20240229;100300;568.35;5;9725551993;B
20240229;100301;568.35;1;9725552153;B
20240229;100301;568.35;1;9725552219;B
20240229;100302;568.3;1;9725552433;S
20240229;100303;568.3;2;9725552583;S
20240229;100305;568.3;1;9725552992;S
20240229;100306;568.35;10;9725553206;B
20240229;100306;568.35;1;9725553264;B
20240229;100307;568.35;6;9725553679;B
20240229;100308;568.35;2;9725553693;B
20240229;100308;568.35;3;9725553773;B
20240229;100308;568.3;10;9725553788;S
20240229;100309;568.35;1;9725553845;B
20240229;100309;568.35;2;9725553998;B
20240229;100309;568.35;10;9725554025;B
20240229;100310;568.35;1;9725554062;B
20240229;100310;568.35;1;9725554212;B
20240229;100312;568.3;6;9725554408;S
20240229;100312;568.3;2;9725554409;S
20240229;100312;568.35;1;9725554450;B
20240229;100312;568.35;2;9725554457;B
20240229;100313;568.3;55;9725554627;S
20240229;100313;568.3;43;9725554667;S
20240229;100313;568.3;30;9725554668;S
20240229;100313;568.3;10;9725554669;S
20240229;100313;568.3;16;9725554670;S
20240229;100313;568.3;75;9725554671;S
20240229;100314;568.3;3;9725554833;S
20240229;100314;568.25;1047;9725554834;S
20240229;100314;568.25;2;9725554835;S
20240229;100314;568.25;25;9725555007;S
20240229;100314;568.3;2;9725555010;B
20240229;100318;568.25;19;9725555751;S
20240229;100318;568.3;4;9725555893;B
20240229;100318;568.3;1;9725555897;B
20240229;100318;568.3;1;9725555898;B
20240229;100318;568.25;35;9725555908;S
20240229;100319;568.3;2;9725556152;B
20240229;100321;568.3;1;9725556654;B
20240229;100322;568.3;5;9725556836;B
20240229;100323;568.25;3;9725557004;S
20240229;100324;568.25;231;9725557236;S
20240229;100324;568.25;2;9725557237;S
20240229;100324;568.2;10;9725557238;S
20240229;100324;568.2;5;9725557239;S
20240229;100324;568.2;3;9725557240;S
20240229;100324;568.15;29;9725557241;S
20240229;100324;568.15;1;9725557242;S
20240229;100324;568.15;269;9725557243;S
20240229;100326;568.2;1;9725557867;S
20240229;100327;568.25;1;9725558005;B
20240229;100328;568.25;1;9725558287;B
20240229;100328;568.25;4;9725558325;B
20240229;100330;568.25;2;9725558613;B
20240229;100332;568.25;2;9725558957;B
20240229;100333;568.15;8;9725559075;S
20240229;100334;568.2;2;9725559322;B
20240229;100334;568.15;25;9725559374;S
20240229;100334;568.15;2;9725559375;S
20240229;100334;568.1;25;9725559376;S
20240229;100335;568.1;55;9725559553;S
20240229;100335;568.1;3;9725559588;S
20240229;100337;568.1;1;9725559814;S
20240229;100337;568.1;55;9725559839;S
20240229;100337;568.15;1;9725559913;B
20240229;100339;568.15;7;9725560183;B
20240229;100342;568.15;1;9725560505;B
20240229;100342;568.1;1;9725560521;S
20240229;100343;568.15;2;9725560775;B
20240229;100344;568.15;289;9725560952;B
20240229;100344;568.15;30;9725560953;B
20240229;100344;568.15;48;9725560954;B
20240229;100344;568.15;8;9725560975;S
20240229;100345;568.15;203;9725560986;S
20240229;100345;568.15;24;9725561028;S
20240229;100345;568.15;24;9725561051;S
20240229;100346;568.15;2;9725561113;S
20240229;100347;568.2;5;9725561425;B
20240229;100348;568.2;1;9725561471;B
20240229;100348;568.2;2;9725561488;B
20240229;100348;568.2;5;9725561505;B
20240229;100348;568.15;200;9725561534;S
20240229;100348;568.15;1;9725561580;S
20240229;100349;568.15;1;9725561675;S
20240229;100350;568.2;1;9725562075;B
20240229;100351;568.15;170;9725562144;S
20240229;100351;568.1;1;9725562145;S
20240229;100351;568.05;3;9725562146;S
20240229;100351;568;149;9725562147;S
20240229;100351;568;3;9725562148;S
20240229;100351;568;1;9725562149;S
20240229;100351;568;10;9725562150;S
20240229;100351;568;1;9725562151;S
20240229;100351;568;1;9725562152;S
20240229;100351;568;2500;9725562153;S
20240229;100351;568;2;9725562154;S
20240229;100351;568;30;9725562155;S
20240229;100351;568;30;9725562156;S
20240229;100351;568;20;9725562157;S
20240229;100351;568;30;9725562158;S
20240229;100351;568;5;9725562159;S
20240229;100351;568;1;9725562160;S
20240229;100351;568;1;9725562161;S
20240229;100351;568;600;9725562162;S
20240229;100351;568;2;9725562163;S
20240229;100351;568;1;9725562164;S
20240229;100351;568;1;9725562165;S
20240229;100351;568;1;9725562166;S
20240229;100351;568;1;9725562167;S
20240229;100351;568;2;9725562168;S
20240229;100351;568;1;9725562169;S
20240229;100351;568;98;9725562170;S
20240229;100351;568;12;9725562171;S
20240229;100351;568;5;9725562172;S
20240229;100351;568;1;9725562173;S
20240229;100351;568;2;9725562174;S
20240229;100351;568;11;9725562175;S
20240229;100351;568;2000;9725562176;S
20240229;100351;568;1500;9725562177;S
20240229;100351;568;1;9725562178;S
20240229;100351;567.95;1081;9725562179;S
20240229;100351;567.95;10;9725562180;S
20240229;100351;567.95;1;9725562181;S
20240229;100351;567.9;2;9725562182;S
20240229;100351;567.9;3;9725562183;S
20240229;100351;567.85;520;9725562187;S
20240229;100351;567.85;46;9725562188;S
20240229;100351;567.85;100;9725562189;S
20240229;100351;567.8;2;9725562202;S
20240229;100351;567.8;2;9725562205;S
20240229;100351;567.75;100;9725562206;S
20240229;100351;567.75;5;9725562207;S
20240229;100351;567.75;71;9725562208;S
20240229;100351;567.65;122;9725562209;S
20240229;100351;567.65;17;9725562210;S
20240229;100351;567.6;2;9725562248;S
20240229;100352;567.7;30;9725562380;B
20240229;100353;567.7;2;9725562507;B
20240229;100354;567.7;10;9725562779;B
20240229;100354;567.7;1;9725562793;B
20240229;100354;567.65;12;9725562805;S
20240229;100355;567.7;168;9725562945;B
20240229;100355;567.7;2;9725562993;B
20240229;100357;567.7;5;9725563303;B
20240229;100358;567.7;1;9725563372;B
20240229;100358;567.6;3;9725563398;S
20240229;100400;567.7;2;9725563703;B
20240229;100400;567.7;1;9725563747;B
20240229;100400;567.6;50;9725563817;S
20240229;100401;567.7;1;9725563870;B
20240229;100401;567.7;10;9725564052;B
20240229;100406;567.7;50;9725564976;B
20240229;100408;567.65;1;9725565655;B
20240229;100410;567.65;5;9725566186;B
20240229;100411;567.6;10;9725566470;S
20240229;100411;567.6;21;9725566531;S
20240229;100411;567.6;4;9725566633;S
20240229;100413;567.6;2;9725567114;S
20240229;100413;567.6;2;9725567231;S
20240229;100413;567.6;787;9725567251;S
20240229;100413;567.6;2;9725567252;S
20240229;100414;567.55;4;9725567253;S
20240229;100414;567.55;1;9725567254;S
20240229;100414;567.55;1;9725567255;S
20240229;100414;567.55;140;9725567266;B
20240229;100414;567.55;277;9725567267;B
20240229;100414;567.55;4;9725567341;B
20240229;100417;567.55;2;9725567840;B
20240229;100417;567.5;1;9725567848;S
20240229;100418;567.5;10;9725568162;S
20240229;100418;567.5;153;9725568163;S
20240229;100418;567.5;2;9725568164;S
20240229;100418;567.5;1;9725568165;S
20240229;100418;567.5;1;9725568166;S
20240229;100418;567.5;5;9725568167;S
20240229;100418;567.5;50;9725568168;S
20240229;100418;567.5;2;9725568169;S
20240229;100419;567.5;140;9725568248;B
20240229;100419;567.5;66;9725568249;B
20240229;100419;567.5;94;9725568250;B
20240229;100419;567.45;1;9725568251;S
20240229;100419;567.45;20;9725568252;S
20240229;100420;567.45;5;9725568445;B
20240229;100421;567.4;64;9725568716;B
20240229;100421;567.4;36;9725568717;B
20240229;100421;567.35;1;9725568719;S
20240229;100422;567.3;3;9725568832;S
20240229;100422;567.2;1;9725568833;S
20240229;100422;567.2;1;9725568834;S
20240229;100422;567.3;5;9725568861;B
20240229;100422;567.15;19;9725568896;S
20240229;100423;567.3;2;9725569126;B
20240229;100423;567.15;2481;9725569180;S
20240229;100423;567.15;8;9725569181;S
20240229;100423;567.15;1;9725569182;S
20240229;100423;567.15;30;9725569183;S
20240229;100423;567.15;12;9725569184;S
20240229;100423;567.15;191;9725569185;S
20240229;100423;567.1;36;9725569186;S
20240229;100423;567.1;63;9725569187;S
20240229;100423;567.05;320;9725569188;S
20240229;100423;567;3;9725569189;S
20240229;100423;567;2;9725569190;S
20240229;100423;567;1;9725569191;S
20240229;100423;567;1;9725569192;S
20240229;100423;567;10;9725569193;S
20240229;100423;567;1;9725569194;S
20240229;100423;567;1;9725569195;S
20240229;100423;567;1;9725569196;S
20240229;100423;567;5;9725569197;S
20240229;100423;567;10;9725569198;S
20240229;100423;567;1;9725569199;S
20240229;100423;567;10;9725569200;S
20240229;100423;567;6;9725569201;S
20240229;100423;567;1;9725569202;S
20240229;100423;567;2;9725569203;S
20240229;100423;567;2;9725569204;S
20240229;100423;567;500;9725569205;S
20240229;100423;567;5;9725569206;S
20240229;100423;567;1;9725569207;S
20240229;100423;567;351;9725569208;S
20240229;100423;567;3;9725569209;S
20240229;100423;567;941;9725569210;S
20240229;100423;567.1;1;9725569212;B
20240229;100424;567.1;2;9725569337;B
20240229;100424;567.05;1;9725569371;S
20240229;100424;567.05;1;9725569372;S
20240229;100424;567.05;1;9725569383;S
20240229;100424;567.05;40;9725569432;S
20240229;100424;567.05;66;9725569470;S
20240229;100425;567.05;200;9725569504;S
20240229;100425;567.05;59;9725569537;S
20240229;100425;567;496;9725569538;S
20240229;100425;567.05;69;9725569539;B
20240229;100425;567.05;31;9725569540;B
20240229;100425;567.05;4;9725569689;B
20240229;100426;567.05;5;9725569996;B
20240229;100426;567.05;100;9725570021;B
20240229;100426;567.05;300;9725570022;B
20240229;100428;567;3;9725570325;S
20240229;100429;567.1;100;9725570490;B
20240229;100430;567.1;44;9725570785;B
20240229;100430;567.1;100;9725570789;B
20240229;100430;567.1;156;9725570790;B
20240229;100430;567.15;46;9725570793;B
20240229;100430;567.15;300;9725570795;B
20240229;100430;567.2;71;9725570796;S
20240229;100430;567.25;295;9725570844;B
20240229;100430;567.25;5;9725570845;B
20240229;100431;567.3;3;9725570976;B
20240229;100432;567.3;297;9725571102;B
20240229;100432;567.3;140;9725571103;B
20240229;100432;567.3;121;9725571104;S
20240229;100432;567.3;140;9725571105;B
20240229;100432;567.3;39;9725571106;B
20240229;100432;567.35;101;9725571107;B
20240229;100432;567.35;39;9725571108;B
20240229;100432;567.4;19;9725571109;B
20240229;100432;567.5;70;9725571111;B
20240229;100432;567.5;30;9725571112;B
20240229;100433;567.4;70;9725571367;S
20240229;100434;567.45;1;9725571485;B
20240229;100435;567.45;2;9725571809;B
20240229;100435;567.45;2;9725571830;B
20240229;100436;567.45;11;9725572079;B
20240229;100436;567.4;20;9725572140;S
20240229;100437;567.45;7;9725572174;B
20240229;100438;567.45;2;9725572513;B
20240229;100438;567.45;5;9725572986;B
20240229;100440;567.45;13;9725573343;B
20240229;100440;567.45;257;9725573355;B
20240229;100440;567.45;440;9725573356;B
20240229;100440;567.5;69;9725573357;B
20240229;100441;567.55;2;9725573661;B
20240229;100441;567.5;198;9725573764;S
20240229;100441;567.55;2;9725573770;B
20240229;100442;567.5;10;9725573967;S
20240229;100444;567.55;1;9725574372;B
20240229;100445;567.55;1;9725574517;B
20240229;100445;567.55;94;9725574588;B
20240229;100445;567.55;300;9725574589;B
20240229;100445;567.6;23;9725574590;B
20240229;100445;567.55;71;9725574591;S
20240229;100445;567.55;30;9725574592;S
20240229;100445;567.55;93;9725574593;B
20240229;100445;567.55;23;9725574594;B
20240229;100445;567.55;23;9725574595;B
20240229;100445;567.55;23;9725574596;B
20240229;100445;567.55;23;9725574597;B
20240229;100445;567.55;14;9725574598;B
20240229;100445;567.75;100;9725574599;B
20240229;100445;567.75;100;9725574600;B
20240229;100445;567.8;71;9725574602;B
20240229;100445;567.8;12;9725574606;S
20240229;100446;567.85;1;9725574740;B
20240229;100447;567.85;4;9725574962;B
20240229;100448;567.85;1;9725575165;B
20240229;100448;567.85;2;9725575166;B
20240229;100449;567.85;4;9725575391;B
20240229;100451;567.8;1;9725575847;S
20240229;100451;567.8;3;9725575859;S
20240229;100451;567.8;28;9725575887;S
20240229;100451;567.8;56;9725575889;S
20240229;100451;567.8;34;9725575890;S
20240229;100451;567.75;71;9725575892;B
20240229;100451;567.75;440;9725575893;B
20240229;100451;567.75;300;9725575894;B
20240229;100451;567.8;1;9725575895;S
20240229;100453;567.7;51;9725576375;S
20240229;100453;567.65;196;9725576376;S
20240229;100454;567.8;5;9725576595;B
20240229;100457;567.65;15;9725577095;S
20240229;100458;567.75;50;9725577276;B
20240229;100458;567.8;46;9725577277;B
20240229;100458;567.8;69;9725577278;B
20240229;100458;567.85;23;9725577279;B
20240229;100458;567.85;440;9725577280;B
20240229;100458;567.85;37;9725577281;B
20240229;100459;567.85;1;9725577448;B
20240229;100500;567.85;1;9725577783;B
20240229;100503;567.6;20;9725578225;S
20240229;100505;567.65;1;9725578579;B
20240229;100509;567.65;1;9725579598;B
20240229;100509;567.6;100;9725579680;S
20240229;100509;567.65;1;9725579722;B
20240229;100512;567.6;3;9725580205;S
20240229;100515;567.65;2;9725580599;B
20240229;100516;567.6;1;9725580781;S
20240229;100516;567.6;19;9725580815;S
20240229;100519;567.6;1;9725581343;S
20240229;100519;567.65;1;9725581392;B
20240229;100520;567.65;2;9725581575;B
20240229;100520;567.6;20;9725581586;S
20240229;100520;567.65;12;9725581739;B
20240229;100520;567.65;9;9725581740;B
20240229;100521;567.6;20;9725581831;S
20240229;100521;567.6;2;9725581984;S
20240229;100522;567.65;1;9725582107;B
20240229;100522;567.65;15;9725582135;B
20240229;100523;567.65;1;9725582438;B
20240229;100523;567.65;1;9725582446;B
20240229;100526;567.6;18;9725582937;S
20240229;100529;567.65;3;9725583346;B
20240229;100531;567.65;1;9725583634;B
20240229;100531;567.6;10;9725583640;S
20240229;100533;567.65;19;9725583900;B
20240229;100533;567.65;100;9725583901;B
20240229;100533;567.65;181;9725583902;B
20240229;100534;567.65;2;9725584285;B
20240229;100534;567.6;1;9725584311;S
20240229;100535;567.65;117;9725584456;B
20240229;100535;567.75;100;9725584460;B
20240229;100535;567.65;3;9725584524;S
20240229;100541;567.8;1;9725585733;B
20240229;100543;567.8;1;9725586090;B
20240229;100546;567.8;86;9725586432;B
20240229;100546;567.8;300;9725586488;B
20240229;100546;567.8;300;9725586489;B
20240229;100546;567.85;4;9725586490;B
20240229;100546;567.85;96;9725586530;S
20240229;100546;567.85;4;9725586531;S
20240229;100546;567.9;2;9725586737;B
20240229;100547;567.9;1;9725586793;B
20240229;100548;567.85;22;9725586946;S
20240229;100550;567.9;18;9725587383;B
20240229;100550;567.9;1;9725587440;B
20240229;100551;567.85;1;9725587601;S
20240229;100551;567.85;17;9725587627;S
20240229;100551;567.9;2;9725587635;B
20240229;100554;567.9;2;9725588054;B
20240229;100554;567.85;8;9725588063;S
20240229;100557;567.85;20;9725588670;S
20240229;100558;567.85;1;9725588807;S
20240229;100558;567.85;81;9725588856;S
20240229;100601;567.9;44;9725589252;B
20240229;100601;567.9;2;9725589253;B
20240229;100601;567.9;300;9725589254;B
20240229;100601;567.9;71;9725589255;S
20240229;100601;567.9;229;9725589256;S
20240229;100601;567.95;66;9725589260;B
20240229;100601;568;189;9725589330;B
20240229;100602;568.05;26;9725589451;B
20240229;100602;568.05;300;9725589452;B
20240229;100602;568.05;65;9725589453;B
20240229;100603;568.05;1;9725589659;S
20240229;100605;568;3;9725590057;S
20240229;100606;568;7;9725590145;S
20240229;100606;568;20;9725590212;S
20240229;100609;568;130;9725590811;S
20240229;100611;568;3;9725591143;S
20240229;100613;568.05;2;9725591573;B
20240229;100613;568.05;28;9725591580;B
20240229;100613;568.1;300;9725591581;B
20240229;100613;568.15;300;9725591582;S
20240229;100613;568.2;100;9725591584;B
20240229;100614;568.3;3;9725591638;B
20240229;100614;568.3;560;9725591640;S
20240229;100614;568.3;300;9725591648;B
20240229;100614;568.35;2;9725591899;B
20240229;100614;568.35;15;9725591900;B
20240229;100615;568.35;63;9725592040;B
20240229;100615;568.35;300;9725592041;B
20240229;100615;568.4;3;9725592042;B
20240229;100615;568.4;5;9725592043;B
20240229;100615;568.45;30;9725592044;B
20240229;100615;568.45;154;9725592045;B
20240229;100615;568.45;200;9725592136;B
20240229;100615;568.4;100;9725592138;S
20240229;100615;568.4;100;9725592139;S
20240229;100615;568.4;30;9725592140;S
20240229;100617;568.4;5;9725592750;B
20240229;100617;568.4;19;9725592861;B
20240229;100617;568.35;2;9725592880;S
20240229;100618;568.4;4;9725593288;B
20240229;100619;568.4;2;9725593603;B
20240229;100619;568.3;100;9725593609;S
20240229;100623;568.4;74;9725594399;B
20240229;100623;568.4;77;9725594400;B
20240229;100623;568.45;300;9725594401;B
20240229;100623;568.45;439;9725594402;B
20240229;100623;568.45;30;9725594403;B
20240229;100623;568.5;3;9725594404;B
20240229;100623;568.5;280;9725594405;B
20240229;100623;568.5;1797;9725594406;B
20240229;100624;568.35;17;9725594808;S
20240229;100626;568.35;76;9725595084;B
20240229;100627;568.4;2;9725595323;B
20240229;100627;568.45;300;9725595339;B
20240229;100627;568.45;124;9725595340;B
20240229;100627;568.45;100;9725595341;B
20240229;100632;568.35;1;9725596146;B
20240229;100634;568.35;1;9725596331;B
20240229;100634;568.3;30;9725596349;S
20240229;100635;568.35;2;9725596534;B
20240229;100635;568.3;14;9725596538;S
20240229;100635;568.35;10;9725596583;B
20240229;100635;568.3;55;9725596624;S
20240229;100637;568.35;1;9725596893;B
20240229;100638;568.3;1;9725597030;S
20240229;100639;568.2;73;9725597309;B
20240229;100639;568.2;150;9725597310;B
20240229;100639;568.25;30;9725597311;B
20240229;100639;568.25;356;9725597312;B
20240229;100639;568.3;300;9725597313;B
20240229;100639;568.35;380;9725597314;B
20240229;100639;568.4;212;9725597315;B
20240229;100639;568.45;528;9725597316;B
20240229;100639;568.5;267;9725597317;B
20240229;100639;568.5;12;9725597318;B
20240229;100639;568.5;140;9725597319;B
20240229;100639;568.5;52;9725597320;B
20240229;100640;568.15;1;9725597427;S
20240229;100640;568.15;15;9725597441;S
20240229;100640;568.3;1;9725597508;B
20240229;100640;568.35;300;9725597509;B
20240229;100640;568.35;150;9725597510;B
20240229;100640;568.4;30;9725597511;B
20240229;100640;568.4;72;9725597512;B
20240229;100640;568.5;192;9725597513;B
20240229;100640;568.55;1;9725597514;B
20240229;100640;568.55;2;9725597515;B
20240229;100640;568.55;1;9725597516;B
20240229;100640;568.55;2;9725597517;B
20240229;100640;568.55;1;9725597518;B
20240229;100640;568.55;140;9725597519;B
20240229;100640;568.6;2;9725597520;B
20240229;100640;568.6;10;9725597521;B
20240229;100640;568.6;1;9725597522;B
20240229;100640;568.6;2;9725597523;B
20240229;100640;568.6;2;9725597524;B
20240229;100640;568.6;140;9725597525;B
20240229;100640;568.6;100;9725597526;B
20240229;100640;568.65;2;9725597527;B
20240229;100640;568.65;792;9725597528;B
20240229;100640;568.65;528;9725597529;B
20240229;100640;568.65;29;9725597530;B
20240229;100641;568.45;100;9725597655;B
20240229;100641;568.45;100;9725597656;B
20240229;100641;568.45;100;9725597657;B
20240229;100641;568.35;27;9725597832;S
20240229;100641;568.35;59;9725597902;S
20240229;100643;568.4;2;9725598111;B
20240229;100643;568.4;70;9725598112;B
20240229;100643;568.45;78;9725598113;B
20240229;100644;568.35;4;9725598196;S
20240229;100644;568.35;5;9725598322;S
20240229;100645;568.45;9;9725598401;B
20240229;100645;568.45;213;9725598513;B
20240229;100645;568.5;15;9725598514;B
20240229;100645;568.5;70;9725598515;B
20240229;100645;568.55;22;9725598555;B
20240229;100645;568.5;8;9725598562;S
20240229;100646;568.5;1;9725598565;S
20240229;100646;568.5;20;9725598595;S
20240229;100647;568.5;14;9725598798;S
20240229;100648;568.5;9;9725598924;S
20240229;100648;568.5;83;9725598933;S
20240229;100649;568.55;1;9725599199;B
20240229;100649;568.55;3;9725599208;B
20240229;100650;568.5;100;9725599296;S
20240229;100651;568.5;1;9725599377;S
20240229;100653;568.5;60;9725599685;S
20240229;100653;568.55;40;9725599726;B
20240229;100654;568.55;19;9725599813;B
20240229;100655;568.5;1;9725599968;S
20240229;100655;568.55;1;9725599973;B
20240229;100657;568.55;1;9725600286;B
20240229;100658;568.55;213;9725600354;B
20240229;100658;568.55;71;9725600355;B
20240229;100658;568.6;1;9725600361;B
20240229;100658;568.55;61;9725600384;S
20240229;100658;568.55;3;9725600385;S
20240229;100659;568.6;6;9725600567;B
20240229;100700;568.6;1;9725600614;B
20240229;100700;568.6;20;9725600617;B
20240229;100701;568.6;2;9725600741;B
20240229;100702;568.55;27;9725600794;S
20240229;100702;568.55;2;9725600795;S
20240229;100702;568.5;52;9725600796;S
20240229;100705;568.6;1;9725601083;B
20240229;100705;568.6;10;9725601097;B
20240229;100705;568.6;1;9725601110;B
20240229;100708;568.6;1;9725601378;B
20240229;100710;568.55;1;9725601574;S
20240229;100710;568.55;1;9725601575;S
20240229;100710;568.5;9;9725601576;S
20240229;100711;568.6;257;9725601804;B
20240229;100711;568.6;43;9725601805;B
20240229;100715;568.6;9;9725602281;B
20240229;100715;568.6;5;9725602282;B
20240229;100716;568.5;1;9725602458;S
20240229;100718;568.5;21;9725602656;S
20240229;100718;568.6;50;9725602746;B
20240229;100719;568.5;300;9725602908;S
20240229;100721;568.6;1;9725603189;B
20240229;100723;568.65;2;9725603357;B
20240229;100724;568.65;13;9725603471;B
20240229;100724;568.65;40;9725603526;B
20240229;100726;568.6;8;9725603845;B
20240229;100727;568.6;25;9725603855;B
20240229;100728;568.5;1;9725604131;S
20240229;100730;568.6;100;9725604397;B
20240229;100730;568.6;395;9725604458;B
20240229;100730;568.6;140;9725604459;B
20240229;100730;568.6;72;9725604460;B
20240229;100730;568.6;78;9725604461;B
20240229;100730;568.6;20;9725604462;B
20240229;100730;568.65;195;9725604463;B
20240229;100731;568.5;34;9725604600;S
20240229;100732;568.65;35;9725604814;B
20240229;100732;568.65;1;9725604844;B
20240229;100732;568.65;14;9725604856;B
20240229;100732;568.65;72;9725604857;B
20240229;100732;568.7;2;9725604858;B
20240229;100732;568.7;20;9725604859;B
20240229;100732;568.7;1;9725604860;B
20240229;100732;568.7;1;9725604861;B
20240229;100732;568.7;20;9725604862;B
20240229;100732;568.7;800;9725604863;B
20240229;100732;568.7;73;9725604864;B
20240229;100732;568.75;2;9725604865;B
20240229;100732;568.75;25;9725604866;B
20240229;100732;568.75;15;9725604867;B
20240229;100732;568.75;30;9725604868;B
20240229;100732;568.8;2;9725604869;B
20240229;100732;568.8;88;9725604870;B
20240229;100732;568.8;2;9725604871;B
20240229;100732;568.8;10;9725604872;B
20240229;100732;568.8;100;9725604873;B
20240229;100732;568.8;55;9725604874;B
20240229;100732;568.8;439;9725604875;B
20240229;100732;568.8;150;9725604876;B
20240229;100732;568.85;2;9725604877;B
20240229;100732;568.85;1;9725604878;B
20240229;100732;568.85;76;9725604879;B
20240229;100732;568.85;28;9725604892;B
20240229;100732;568.85;269;9725604894;B
20240229;100732;568.85;3;9725604911;B
20240229;100732;568.85;11;9725604912;B
20240229;100732;568.7;30;9725604955;S
20240229;100732;568.65;528;9725604956;S
20240229;100732;568.65;72;9725604957;S
20240229;100732;568.6;60;9725604958;S
20240229;100732;568.6;1000;9725604959;S
20240229;100732;568.6;356;9725604960;S
20240229;100732;568.5;1987;9725604961;S
20240229;100732;568.5;10;9725604962;S
20240229;100732;568.5;10;9725604963;S
20240229;100732;568.5;225;9725604964;S
20240229;100732;568.55;528;9725604965;S
20240229;100732;568.5;2;9725604966;S
20240229;100733;568.5;379;9725605106;B
20240229;100734;568.5;1;9725605142;B
20240229;100735;568.35;3;9725605238;S
20240229;100735;568.45;3;9725605338;B
20240229;100736;568.45;57;9725605461;B
20240229;100736;568.45;43;9725605462;B
20240229;100737;568.5;2;9725605574;B
20240229;100741;568.5;1;9725606339;B
20240229;100744;568.5;2;9725606790;B
20240229;100744;568.5;3;9725606791;B
20240229;100745;568.35;1;9725606967;S
20240229;100746;568.35;438;9725607040;S
20240229;100746;568.3;1;9725607041;S
20240229;100746;568.3;23;9725607042;S
20240229;100746;568.3;30;9725607043;S
20240229;100746;568.25;140;9725607044;S
20240229;100746;568.25;72;9725607045;S
20240229;100746;568.25;1;9725607046;S
20240229;100746;568.4;30;9725607052;B
20240229;100746;568.45;69;9725607053;B
20240229;100746;568.45;72;9725607054;B
20240229;100746;568.45;129;9725607055;B
20240229;100746;568.45;22;9725607122;B
20240229;100748;568.45;14;9725607401;B
20240229;100748;568.45;492;9725607416;B
20240229;100748;568.5;297;9725607417;B
20240229;100748;568.5;3;9725607418;B
20240229;100748;568.5;37;9725607419;B
20240229;100748;568.5;2072;9725607420;B
20240229;100748;568.5;69;9725607421;B
20240229;100748;568.5;30;9725607422;B
20240229;100748;568.5;100;9725607424;B
20240229;100749;568.5;5;9725607469;B
20240229;100749;568.5;1;9725607534;B
20240229;100751;568.4;200;9725607681;B
20240229;100754;568.5;81;9725608080;B
20240229;100755;568.5;50;9725608229;B
20240229;100756;568.5;2498;9725608513;B
20240229;100756;568.55;3;9725608524;B
20240229;100756;568.55;6;9725608526;B
20240229;100757;568.5;4;9725608720;S
20240229;100759;568.55;1;9725608956;B
20240229;100759;568.5;20;9725608998;S
20240229;100800;568.5;1;9725609085;S
20240229;100800;568.5;3;9725609114;S
20240229;100801;568.5;1;9725609247;S
20240229;100803;568.55;2;9725609650;B
20240229;100803;568.55;298;9725609698;B
20240229;100803;568.6;500;9725609699;B
20240229;100803;568.55;67;9725609700;S
20240229;100803;568.55;233;9725609701;S
20240229;100805;568.6;30;9725609952;S
20240229;100805;568.6;80;9725609953;S
20240229;100807;568.7;2;9725610294;B
20240229;100809;568.7;298;9725610517;B
20240229;100809;568.75;67;9725610518;B
20240229;100809;568.75;80;9725610519;B
20240229;100809;568.8;96;9725610520;B
20240229;100809;568.85;20;9725610521;B
20240229;100809;568.85;140;9725610522;B
20240229;100809;568.85;5;9725610523;B
20240229;100809;568.9;2;9725610524;B
20240229;100809;568.9;75;9725610525;B
20240229;100809;568.9;6;9725610526;B
20240229;100809;568.9;411;9725610527;B
20240229;100810;568.8;1;9725610730;B
20240229;100810;568.8;3;9725610731;B
20240229;100811;568.85;4;9725610870;B
20240229;100812;568.7;3;9725611075;S
20240229;100814;568.7;27;9725611350;S
20240229;100814;568.7;59;9725611351;S
20240229;100816;568.8;1;9725611713;B
20240229;100817;568.8;1;9725611814;B
20240229;100820;568.8;1;9725612471;B
20240229;100820;568.8;1;9725612515;B
20240229;100823;568.8;2;9725612966;B
20240229;100824;568.7;3;9725613045;S
20240229;100830;568.7;20;9725614058;S
20240229;100830;568.8;1;9725614071;B
20240229;100831;568.8;1;9725614210;B
20240229;100834;568.8;1;9725614704;B
20240229;100839;568.8;1;9725615477;B
20240229;100840;568.7;1;9725615684;S
20240229;100842;568.7;29;9725615916;S
20240229;100842;568.7;1;9725615917;S
20240229;100842;568.7;1;9725615918;S
20240229;100842;568.7;1;9725615919;S
20240229;100844;568.8;13;9725616383;B
20240229;100846;568.8;11;9725616597;B
20240229;100846;568.7;5;9725616624;S
20240229;100848;568.8;26;9725616961;B
20240229;100848;568.8;1;9725616962;B
20240229;100848;568.8;2;9725616963;B
20240229;100848;568.8;29;9725616981;B
20240229;100848;568.8;29;9725616982;B
20240229;100849;568.85;3;9725617010;B
20240229;100849;568.75;64;9725617036;S
20240229;100849;568.75;302;9725617037;S
20240229;100849;568.85;20;9725617041;B
20240229;100854;568.8;3;9725617774;B
20240229;100859;568.85;3;9725618361;B
20240229;100859;568.8;100;9725618443;B
20240229;100900;568.85;1;9725618505;B
20240229;100900;568.75;64;9725618543;S
20240229;100900;568.75;36;9725618544;S
20240229;100902;568.85;269;9725618938;B
20240229;100902;568.85;8;9725618939;B
20240229;100902;568.85;10;9725618940;B
20240229;100902;568.85;287;9725618941;B
20240229;100902;568.85;13;9725618942;B
20240229;100902;568.9;344;9725619020;B
20240229;100902;568.9;10;9725619021;B
20240229;100902;568.9;3;9725619022;B
20240229;100902;568.9;5;9725619023;B
20240229;100902;568.9;5;9725619024;B
20240229;100902;568.9;300;9725619025;B
20240229;100902;568.95;2;9725619026;B
20240229;100902;568.95;1;9725619027;B
20240229;100902;568.95;5;9725619028;B
20240229;100902;568.95;150;9725619029;B
20240229;100902;568.95;300;9725619030;B
20240229;100902;568.95;6;9725619031;B
20240229;100902;568.95;2;9725619032;B
20240229;100902;568.95;30;9725619033;B
20240229;100902;568.95;1;9725619034;B
20240229;100902;568.95;91;9725619035;B
20240229;100902;568.9;300;9725619036;B
20240229;100902;568.9;300;9725619038;B
20240229;100902;568.95;100;9725619039;B
20240229;100903;568.85;70;9725619200;S
20240229;100903;568.95;50;9725619215;B
20240229;100906;568.95;3;9725619525;B
20240229;100907;568.95;21;9725619673;B
20240229;100907;568.9;10;9725619676;S
20240229;100909;568.95;1;9725619863;B
20240229;100910;568.9;60;9725620072;S
20240229;100911;568.95;100;9725620253;B
20240229;100911;568.95;8;9725620269;B
20240229;100912;568.9;6;9725620315;S
20240229;100914;568.95;6;9725620601;B
20240229;100914;568.95;2;9725620615;B
20240229;100914;568.95;1;9725620740;B
20240229;100915;568.9;3;9725620823;S
20240229;100915;568.95;2;9725620873;B
20240229;100916;568.9;100;9725620947;S
20240229;100916;568.95;17;9725621001;B
20240229;100916;568.9;1;9725621121;S
20240229;100919;568.95;200;9725621378;B
20240229;100919;568.95;200;9725621379;B
20240229;100919;568.95;200;9725621380;B
20240229;100919;568.95;2;9725621422;B
20240229;100920;568.95;1;9725621676;B
20240229;100921;568.95;1;9725621780;B
20240229;100923;568.95;5;9725622052;B
20240229;100926;568.9;2;9725622369;S
20240229;100926;568.9;1;9725622404;S
20240229;100926;568.9;150;9725622405;S
20240229;100928;568.9;4;9725622689;B
20240229;100928;568.9;1;9725622690;B
20240229;100929;568.9;1;9725622817;B
20240229;100929;568.9;211;9725622864;B
20240229;100930;568.9;200;9725622938;B
20240229;100930;568.9;20;9725622979;B
20240229;100931;568.85;30;9725623119;S
20240229;100932;568.85;314;9725623253;S
20240229;100932;568.85;1500;9725623254;S
20240229;100932;568.85;250;9725623255;S
20240229;100932;568.85;5;9725623256;S
20240229;100933;568.85;139;9725623446;B
20240229;100933;568.85;65;9725623447;B
20240229;100933;568.85;36;9725623448;B
20240229;100933;568.85;1;9725623481;B
20240229;100934;568.85;7;9725623636;B
20240229;100934;568.85;6;9725623882;B
20240229;100935;568.85;9;9725623999;B
20240229;100941;568.75;3;9725624855;B
20240229;100941;568.75;1;9725624916;B
20240229;100942;568.7;1;9725625038;S
20240229;100942;568.7;4;9725625046;S
20240229;100942;568.7;2;9725625047;S
20240229;100942;568.7;3;9725625048;S
20240229;100942;568.7;1;9725625106;S
20240229;100943;568.75;3;9725625174;B
20240229;100945;568.7;6;9725625466;S
20240229;100945;568.7;10;9725625467;S
20240229;100951;568.7;1;9725626426;B
20240229;100953;568.7;2;9725626617;B
20240229;100956;568.6;1;9725627127;S
20240229;100958;568.7;9;9725627384;B
20240229;100958;568.7;10;9725627392;B
20240229;100959;568.7;1;9725627528;B
20240229;101000;568.7;2;9725627804;B
20240229;101000;568.7;59;9725627805;B
20240229;101000;568.7;41;9725627806;B
20240229;101002;568.65;15;9725628063;S
20240229;101002;568.6;99;9725628064;S
20240229;101002;568.6;64;9725628065;S
20240229;101002;568.6;72;9725628066;S
20240229;101004;568.7;9;9725628346;S
20240229;101006;568.7;2;9725628568;S
20240229;101006;568.7;12;9725628633;S
20240229;101007;568.7;4;9725628740;S
20240229;101007;568.7;57;9725628774;S
20240229;101007;568.7;43;9725628775;S
20240229;101007;568.7;1;9725628807;S
20240229;101009;568.7;79;9725629093;S
20240229;101011;568.75;1;9725629433;B
20240229;101012;568.75;2;9725629596;B
20240229;101012;568.75;4;9725629598;B
20240229;101012;568.75;93;9725629634;B
20240229;101012;568.75;63;9725629635;B
20240229;101013;568.8;100;9725629832;B
20240229;101013;568.85;215;9725629833;B
20240229;101013;568.85;340;9725629834;B
20240229;101013;568.85;250;9725629835;B
20240229;101013;568.85;30;9725629836;B
20240229;101013;568.85;65;9725629837;B
20240229;101013;568.85;28;9725629839;B
20240229;101013;568.85;137;9725629840;B
20240229;101013;568.85;165;9725629841;B
20240229;101013;568.85;19;9725629842;B
20240229;101013;568.85;137;9725629843;B
20240229;101013;568.8;107;9725629860;S
20240229;101013;568.85;184;9725629861;B
20240229;101013;568.85;137;9725629862;B
20240229;101014;568.85;184;9725629932;B
20240229;101014;568.85;137;9725629933;B
20240229;101014;568.85;184;9725629934;B
20240229;101014;568.85;137;9725629935;B
20240229;101014;568.85;184;9725629936;B
20240229;101014;568.85;137;9725629937;B
20240229;101014;568.85;184;9725629938;B
20240229;101014;568.85;137;9725629939;B
20240229;101014;568.85;184;9725629940;B
20240229;101014;568.85;137;9725629941;B
20240229;101014;568.85;184;9725629942;B
20240229;101014;568.85;31;9725629943;B
20240229;101015;568.75;270;9725630211;S
20240229;101015;568.85;1;9725630222;B
20240229;101018;568.85;14;9725630512;B
20240229;101018;568.85;22;9725630538;B
20240229;101018;568.75;10;9725630567;S
20240229;101020;568.75;140;9725630847;S
20240229;101020;568.85;50;9725630897;B
20240229;101020;568.75;20;9725630912;S
20240229;101021;568.75;100;9725630974;S
20240229;101024;568.75;1304;9725631292;S
20240229;101024;568.75;65;9725631293;S
20240229;101024;568.7;12;9725631294;S
20240229;101024;568.7;619;9725631295;S
20240229;101027;568.75;65;9725631795;S
20240229;101027;568.75;439;9725631796;S
20240229;101029;568.7;2;9725632005;S
20240229;101029;568.75;2;9725632111;B
20240229;101029;568.7;2;9725632113;S
20240229;101030;568.75;3;9725632132;B
20240229;101032;568.7;170;9725632342;S
20240229;101032;568.7;2;9725632472;S
20240229;101032;568.75;1191;9725632473;B
20240229;101032;568.75;30;9725632474;B
20240229;101032;568.75;2;9725632475;B
20240229;101037;568.85;19;9725633058;B
20240229;101037;568.85;184;9725633059;B
20240229;101037;568.85;30;9725633060;B
20240229;101037;568.85;137;9725633061;B
20240229;101037;568.85;96;9725633062;B
20240229;101037;568.85;96;9725633063;B
20240229;101037;568.85;137;9725633064;B
20240229;101037;568.85;176;9725633065;B
20240229;101037;568.85;57;9725633066;B
20240229;101037;568.85;80;9725633067;B
20240229;101037;568.85;153;9725633068;B
20240229;101037;568.85;96;9725633069;B
20240229;101037;568.85;137;9725633070;B
20240229;101037;568.85;59;9725633071;B
20240229;101037;568.85;96;9725633072;B
20240229;101037;568.85;137;9725633073;B
20240229;101037;568.85;148;9725633074;B
20240229;101037;568.85;85;9725633075;B
20240229;101037;568.85;52;9725633076;B
20240229;101037;568.85;173;9725633077;B
20240229;101037;568.85;127;9725633078;B
20240229;101037;568.85;137;9725633079;B
20240229;101037;568.85;127;9725633080;B
20240229;101037;568.85;137;9725633081;B
20240229;101037;568.85;125;9725633082;B
20240229;101037;568.85;43;9725633083;B
20240229;101037;568.85;149;9725633084;B
20240229;101037;568.85;19;9725633085;B
20240229;101037;568.85;256;9725633086;B
20240229;101037;568.85;256;9725633087;B
20240229;101037;568.85;197;9725633088;B
20240229;101037;568.85;197;9725633089;B
20240229;101037;568.85;285;9725633090;B
20240229;101037;568.85;285;9725633091;B
20240229;101037;568.85;6;9725633092;B
20240229;101037;568.9;12;9725633098;B
20240229;101037;568.9;17;9725633099;B
20240229;101037;568.9;77;9725633100;B
20240229;101037;568.9;16;9725633101;B
20240229;101037;568.9;25;9725633102;B
20240229;101037;568.9;5;9725633103;B
20240229;101038;568.95;27;9725633224;B
20240229;101038;568.95;262;9725633225;B
20240229;101038;568.95;1000;9725633226;B
20240229;101038;568.95;75;9725633227;B
20240229;101038;568.95;300;9725633228;B
20240229;101038;569;2;9725633229;B
20240229;101038;569;900;9725633230;B
20240229;101038;569;1;9725633231;B
20240229;101038;569;1;9725633232;B
20240229;101038;569;1;9725633233;B
20240229;101038;569;100;9725633234;B
20240229;101038;569;20;9725633235;B
20240229;101038;569;400;9725633236;B
20240229;101038;569;1;9725633237;B
20240229;101038;569;2;9725633238;B
20240229;101038;569;200;9725633239;B
20240229;101038;569;1;9725633240;B
20240229;101038;569;100;9725633241;B
20240229;101038;569;4;9725633242;B
20240229;101038;569;30;9725633243;B
20240229;101038;569;5;9725633244;B
20240229;101038;569;5;9725633245;B
20240229;101038;569;2;9725633246;B
20240229;101038;569;9;9725633247;B
20240229;101038;569;3;9725633248;B
20240229;101038;569;10;9725633249;B
20240229;101038;569.05;2;9725633250;B
20240229;101038;569.05;1;9725633251;B
20240229;101038;569.1;2;9725633254;B
20240229;101038;569.1;1;9725633255;B
20240229;101038;569.1;1;9725633256;B
20240229;101038;569.1;5;9725633257;B
20240229;101038;569.1;80;9725633258;B
20240229;101038;569.1;220;9725633259;B
20240229;101038;569.15;2;9725633261;B
20240229;101038;569.15;1;9725633262;B
20240229;101038;569.15;25;9725633263;B
20240229;101038;569.2;2;9725633290;B
20240229;101038;569.2;1;9725633291;B
20240229;101038;569.2;10;9725633292;B
20240229;101038;569.2;12;9725633293;B
20240229;101038;569.25;2;9725633383;B
20240229;101038;569.25;6;9725633384;B
20240229;101038;569.25;1;9725633385;B
20240229;101038;569.25;5;9725633386;B
20240229;101038;569.25;5;9725633387;B
20240229;101038;569.25;181;9725633388;B
20240229;101038;569.1;1;9725633419;S
20240229;101039;569.25;819;9725633479;B
20240229;101039;569.25;300;9725633480;B
20240229;101039;569.3;2;9725633481;B
20240229;101039;569.3;17;9725633482;B
20240229;101039;569.3;19;9725633483;B
20240229;101039;569.3;281;9725633484;B
20240229;101039;569.25;1;9725633506;S
20240229;101039;569.35;2;9725633553;B
20240229;101039;569.35;1;9725633554;B
20240229;101039;569.35;10;9725633555;B
20240229;101039;569.35;138;9725633556;B
20240229;101039;569.35;93;9725633557;B
20240229;101039;569.35;90;9725633558;B
20240229;101039;569.35;5;9725633559;B
20240229;101039;569.35;68;9725633560;B
20240229;101039;569.35;20;9725633561;B
20240229;101039;569.35;1;9725633563;B
20240229;101039;569.35;1;9725633580;B
20240229;101040;569.3;1;9725633682;S
20240229;101040;569.35;4;9725633683;B
20240229;101040;569.35;10;9725633718;B
20240229;101041;569.35;2;9725633838;B
20240229;101041;569.35;1;9725633855;B
20240229;101041;569.35;1;9725633856;B
20240229;101041;569.35;1;9725633857;B
20240229;101041;569.35;2;9725633894;B
20240229;101041;569.35;27;9725633895;B
20240229;101041;569.35;1;9725633896;B
20240229;101043;569.35;60;9725634095;B
20240229;101043;569.35;122;9725634096;B
20240229;101043;569.35;4;9725634097;B
20240229;101044;569.35;1;9725634238;B
20240229;101044;569.35;133;9725634299;B
20240229;101044;569.35;11;9725634300;B
20240229;101044;569.35;1;9725634301;B
20240229;101045;569.35;1;9725634424;B
20240229;101046;569.35;1;9725634479;B
20240229;101046;569.35;4;9725634532;B
20240229;101046;569.35;16;9725634533;B
20240229;101046;569.35;2;9725634535;B
20240229;101046;569.35;1;9725634550;B
20240229;101046;569.35;1;9725634551;B
20240229;101046;569.35;1;9725634552;B
20240229;101047;569.35;1;9725634713;B
20240229;101048;569.35;13;9725634784;B
20240229;101048;569.35;21;9725634791;B
20240229;101049;569.35;2;9725634838;B
20240229;101049;569.35;9;9725634959;B
20240229;101049;569.35;2;9725635012;B
20240229;101049;569.35;54;9725635013;B
20240229;101049;569.35;1;9725635016;B
20240229;101049;569.35;41;9725635040;B
20240229;101049;569.35;59;9725635041;B
20240229;101049;569.35;2;9725635042;B
20240229;101049;569.35;1;9725635043;B
20240229;101050;569.35;1;9725635097;B
20240229;101050;569.35;3;9725635109;B
20240229;101050;569.35;5;9725635110;B
20240229;101050;569.35;1;9725635123;B
20240229;101050;569.35;3;9725635228;B
20240229;101051;569.35;1;9725635343;B
20240229;101053;569.35;3;9725635589;B
20240229;101055;569.3;2;9725635994;B
20240229;101056;569.25;139;9725636156;S
20240229;101056;569.25;111;9725636157;S
20240229;101056;569.3;1;9725636164;S
20240229;101100;569.3;1;9725636836;B
20240229;101101;569.3;3;9725636960;B
20240229;101101;569.3;5;9725636982;B
20240229;101101;569.3;89;9725636994;B
20240229;101102;569.35;5;9725637105;B
20240229;101104;569.3;10;9725637320;S
20240229;101104;569.35;1;9725637357;B
20240229;101106;569.3;1;9725637539;S
20240229;101106;569.3;20;9725637606;S
20240229;101107;569.35;2;9725637685;B
20240229;101108;569.35;9;9725637784;B
20240229;101111;569.35;12;9725638168;B
20240229;101111;569.35;5;9725638281;B
20240229;101112;569.35;1;9725638446;B
20240229;101114;569.3;2;9725638611;S
20240229;101114;569.35;24;9725638612;B
20240229;101114;569.35;183;9725638613;B
20240229;101114;569.35;140;9725638614;B
20240229;101114;569.35;5;9725638615;B
20240229;101114;569.35;10;9725638616;B
20240229;101114;569.35;83;9725638617;B
20240229;101115;569.3;4;9725638791;S
20240229;101116;569.35;2;9725638869;B
20240229;101116;569.3;2;9725638879;S
20240229;101116;569.35;3;9725639047;B
20240229;101116;569.35;50;9725639134;B
20240229;101116;569.35;2;9725639136;B
20240229;101116;569.35;5;9725639171;B
20240229;101117;569.35;3;9725639351;B
20240229;101119;569.35;1;9725639603;B
20240229;101119;569.35;3;9725639625;B
20240229;101119;569.35;2;9725639626;B
20240229;101119;569.35;2;9725639639;B
20240229;101119;569.35;3;9725639668;B
20240229;101120;569.35;2;9725639760;B
20240229;101120;569.35;100;9725639916;B
20240229;101120;569.3;472;9725639917;S
20240229;101120;569.3;55;9725639918;S
20240229;101121;569.35;5;9725639976;B
20240229;101121;569.35;2;9725640051;B
20240229;101123;569.35;3;9725640291;B
20240229;101123;569.35;50;9725640294;B
20240229;101123;569.35;7;9725640295;B
20240229;101123;569.35;30;9725640302;B
20240229;101123;569.35;3;9725640320;B
20240229;101123;569.35;4;9725640342;B
20240229;101124;569.35;1;9725640388;B
20240229;101124;569.35;1;9725640460;B
20240229;101124;569.3;2;9725640462;S
20240229;101124;569.35;89;9725640464;B
20240229;101125;569.35;2;9725640660;B
20240229;101125;569.35;1;9725640672;B
20240229;101126;569.3;15;9725640749;S
20240229;101126;569.35;46;9725640750;B
20240229;101126;569.35;54;9725640792;B
20240229;101126;569.35;173;9725640800;B
20240229;101126;569.35;6;9725640802;B
20240229;101127;569.35;2;9725640906;B
20240229;101128;569.3;1;9725640944;S
20240229;101128;569.35;15;9725640945;B
20240229;101128;569.35;100;9725641000;B
20240229;101128;569.35;28;9725641001;B
20240229;101129;569.35;2;9725641097;B
20240229;101129;569.35;13;9725641098;B
20240229;101129;569.3;6;9725641113;S
20240229;101129;569.35;25;9725641114;B
20240229;101130;569.3;95;9725641175;S
20240229;101130;569.35;34;9725641189;B
20240229;101131;569.35;55;9725641272;B
20240229;101131;569.35;18;9725641273;B
20240229;101131;569.35;1;9725641343;B
20240229;101131;569.35;2;9725641344;B
20240229;101132;569.35;1;9725641359;B
20240229;101132;569.35;26;9725641360;B
20240229;101132;569.35;2;9725641377;B
20240229;101132;569.35;23;9725641378;B
20240229;101133;569.35;4;9725641512;B
20240229;101133;569.35;2;9725641513;B
20240229;101133;569.35;1;9725641515;B
20240229;101133;569.3;4;9725641581;S
20240229;101133;569.35;45;9725641582;B
20240229;101134;569.35;2;9725641706;B
20240229;101134;569.35;2;9725641707;B
20240229;101135;569.35;4;9725641755;B
20240229;101135;569.35;1;9725641771;B
20240229;101135;569.35;2;9725641772;B
20240229;101135;569.35;10;9725641836;B
20240229;101135;569.35;123;9725641837;B
20240229;101137;569.35;11;9725642005;B
20240229;101137;569.35;1;9725642022;B
20240229;101137;569.35;33;9725642023;B
20240229;101137;569.35;1;9725642049;B
20240229;101137;569.35;1;9725642089;B
20240229;101138;569.3;14;9725642147;S
20240229;101139;569.35;1;9725642240;B
20240229;101140;569.35;67;9725642354;B
20240229;101140;569.35;33;9725642355;B
20240229;101140;569.35;1;9725642356;B
20240229;101140;569.35;157;9725642423;B
20240229;101140;569.35;1;9725642424;B
20240229;101140;569.35;183;9725642425;B
20240229;101140;569.35;10;9725642426;B
20240229;101140;569.35;5;9725642427;B
20240229;101140;569.35;1;9725642428;B
20240229;101140;569.35;2;9725642429;B
20240229;101140;569.35;8;9725642469;B
20240229;101143;569.35;2;9725642811;B
20240229;101143;569.35;1;9725642829;B
20240229;101144;569.35;13;9725642922;B
20240229;101144;569.35;12;9725642923;B
20240229;101144;569.35;46;9725642948;B
20240229;101144;569.35;2;9725642949;B
20240229;101144;569.35;1;9725642950;B
20240229;101145;569.35;1;9725642975;B
20240229;101145;569.35;12;9725642976;B
20240229;101145;569.35;1;9725642977;B
20240229;101145;569.35;1;9725643014;B
20240229;101146;569.35;3;9725643081;B
20240229;101146;569.35;6;9725643167;B
20240229;101146;569.35;2;9725643168;B
20240229;101146;569.35;2;9725643179;B
20240229;101148;569.35;8;9725643425;B
20240229;101149;569.3;3;9725643572;S
20240229;101150;569.3;10;9725643657;S
20240229;101150;569.3;10;9725643768;S
20240229;101152;569.3;3;9725643971;S
20240229;101152;569.35;144;9725643974;B
20240229;101152;569.35;56;9725643975;B
20240229;101154;569.35;3;9725644261;B
20240229;101154;569.35;1;9725644307;B
20240229;101154;569.35;1;9725644328;B
20240229;101156;569.35;7;9725644476;B
20240229;101158;569.35;2;9725644731;B
20240229;101159;569.35;7;9725644933;B
20240229;101200;569.35;50;9725644985;B
20240229;101200;569.35;1;9725645061;B
20240229;101200;569.35;1;9725645082;B
20240229;101200;569.35;2;9725645122;B
20240229;101201;569.35;1;9725645173;B
20240229;101204;569.35;1;9725645742;B
20240229;101205;569.3;4;9725645887;S
20240229;101206;569.35;5;9725645990;B
20240229;101206;569.35;1;9725645991;B
20240229;101206;569.35;14;9725645992;B
20240229;101207;569.35;1;9725646173;B
20240229;101207;569.3;2;9725646193;S
20240229;101208;569.3;100;9725646277;S
20240229;101209;569.3;7;9725646382;S
20240229;101210;569.35;10;9725646751;B
20240229;101210;569.35;183;9725646752;B
20240229;101210;569.35;107;9725646753;B
20240229;101211;569.35;2;9725646896;B
20240229;101211;569.35;1;9725646905;B
20240229;101212;569.3;50;9725647130;S
20240229;101213;569.35;2;9725647224;B
20240229;101214;569.35;4;9725647278;B
20240229;101214;569.3;3;9725647310;S
20240229;101215;569.35;20;9725647401;B
20240229;101215;569.35;53;9725647485;B
20240229;101217;569.3;81;9725647749;S
20240229;101217;569.3;30;9725647803;S
20240229;101218;569.35;1;9725647856;B
20240229;101219;569.3;13;9725647994;S
20240229;101219;569.3;4;9725648041;S
20240229;101219;569.3;24;9725648042;S
20240229;101219;569.3;14;9725648083;S
20240229;101220;569.35;871;9725648291;B
20240229;101221;569.35;99;9725648337;B
20240229;101221;569.35;1;9725648338;B
20240229;101221;569.35;1;9725648375;B
20240229;101222;569.35;2;9725648461;B
20240229;101222;569.3;100;9725648525;S
20240229;101222;569.35;1;9725648542;B
20240229;101222;569.35;4;9725648543;B
20240229;101223;569.35;1;9725648668;B
20240229;101224;569.35;3;9725648823;B
20240229;101226;569.35;2;9725649134;B
20240229;101227;569.35;10;9725649198;B
20240229;101228;569.3;2;9725649434;S
20240229;101228;569.3;1;9725649435;S
20240229;101228;569.3;10;9725649436;S
20240229;101228;569.35;118;9725649442;B
20240229;101228;569.35;111;9725649443;B
20240229;101228;569.35;40;9725649476;B
20240229;101228;569.3;10;9725649576;S
20240229;101228;569.3;1;9725649577;S
20240229;101228;569.3;10;9725649578;S
20240229;101229;569.35;1;9725649608;B
20240229;101230;569.3;14;9725649740;S
20240229;101230;569.3;14;9725649870;S
20240229;101230;569.3;41;9725649920;S
20240229;101234;569.35;31;9725650471;B
20240229;101234;569.35;100;9725650472;B
20240229;101234;569.35;166;9725650473;B
20240229;101234;569.35;94;9725650474;B
20240229;101234;569.35;138;9725650475;B
20240229;101234;569.35;71;9725650476;B
20240229;101235;569.35;1;9725650510;B
20240229;101235;569.35;5;9725650561;B
20240229;101235;569.3;30;9725650597;S
20240229;101235;569.3;2;9725650598;S
20240229;101236;569.35;1;9725650690;B
20240229;101237;569.3;14;9725650804;S
20240229;101239;569.3;44;9725651032;S
20240229;101239;569.3;14;9725651058;S
20240229;101239;569.3;109;9725651099;S
20240229;101239;569.3;17;9725651272;S
20240229;101239;569.3;38;9725651273;S
20240229;101239;569.35;4;9725651335;B
20240229;101239;569.3;1;9725651336;S
20240229;101239;569.25;8;9725651337;S
20240229;101240;569.25;14;9725651436;S
20240229;101240;569.25;14;9725651574;S
20240229;101240;569.35;5;9725651695;B
20240229;101241;569.3;1;9725651892;B
20240229;101241;569.3;2;9725651893;B
20240229;101242;569.2;27;9725651955;S
20240229;101242;569.3;15;9725652017;B
20240229;101243;569.3;44;9725652208;B
20240229;101246;569.2;30;9725652772;S
20240229;101248;569.3;1;9725653047;B
20240229;101249;569.3;1;9725653108;B
20240229;101251;569.3;4;9725653302;B
20240229;101255;569.2;200;9725653925;S
20240229;101255;569.25;1;9725653954;B
20240229;101255;569.25;146;9725653955;B
20240229;101255;569.3;53;9725653956;B
20240229;101255;569.3;6;9725653982;B
20240229;101305;569.3;1;9725655189;B
20240229;101306;569.3;2;9725655402;B
20240229;101313;569.25;1;9725656121;B
20240229;101314;569.25;1;9725656168;B
20240229;101314;569.25;1;9725656198;B
20240229;101314;569.25;4;9725656231;B
20240229;101315;569.25;50;9725656463;B
20240229;101317;569.3;1;9725656779;B
20240229;101318;569.3;6;9725656850;B
20240229;101319;569.3;1;9725656985;B
20240229;101321;569.2;14;9725657238;S
20240229;101321;569.25;20;9725657242;B
20240229;101326;569.3;1;9725657683;B
20240229;101326;569.3;1;9725657692;B
20240229;101327;569.25;14;9725657808;S
20240229;101328;569.25;3;9725657939;S
20240229;101328;569.3;270;9725657941;B
20240229;101328;569.3;25;9725657942;B
20240229;101328;569.3;2;9725657943;B
20240229;101328;569.3;1;9725657944;B
20240229;101328;569.3;1;9725657945;B
20240229;101328;569.3;34;9725657946;B
20240229;101328;569.35;113;9725657947;B
20240229;101328;569.35;2562;9725657948;B
20240229;101328;569.35;1798;9725657949;B
20240229;101328;569.35;25;9725657950;B
20240229;101328;569.35;62;9725657951;B
20240229;101328;569.35;30;9725657952;B
20240229;101328;569.35;77;9725657953;B
20240229;101328;569.3;8;9725657954;B
20240229;101331;569.3;219;9725658249;B
20240229;101332;569.3;2;9725658356;B
20240229;101332;569.25;100;9725658364;S
20240229;101332;569.25;20;9725658417;S
20240229;101332;569.25;3;9725658428;S
20240229;101333;569.25;3;9725658519;S
20240229;101333;569.3;1;9725658565;B
20240229;101334;569.3;2;9725658641;B
20240229;101334;569.25;57;9725658685;S
20240229;101334;569.25;21;9725658686;S
20240229;101334;569.25;9;9725658759;S
20240229;101334;569.25;43;9725658792;S
20240229;101335;569.25;27;9725658848;S
20240229;101335;569.25;14;9725658884;S
20240229;101335;569.25;17;9725658915;S
20240229;101335;569.25;24;9725658916;S
20240229;101335;569.3;2;9725658952;B
20240229;101338;569.3;8;9725659404;B
20240229;101338;569.3;20;9725659405;B
20240229;101344;569.25;4;9725660192;S
20240229;101347;569.35;1100;9725660518;B
20240229;101347;569.35;1513;9725660519;B
20240229;101347;569.35;300;9725660520;B
20240229;101347;569.35;3;9725660521;B
20240229;101347;569.35;528;9725660522;B
20240229;101347;569.4;2;9725660523;B
20240229;101347;569.4;1000;9725660524;B
20240229;101347;569.4;554;9725660525;B
20240229;101350;569.4;2;9725660846;B
20240229;101352;569.4;1;9725661158;B
20240229;101353;569.4;3445;9725661277;B
20240229;101353;569.4;1;9725661278;B
20240229;101353;569.4;50;9725661279;B
20240229;101353;569.4;62;9725661280;B
20240229;101353;569.4;1;9725661281;B
20240229;101353;569.45;2;9725661282;B
20240229;101353;569.45;1;9725661283;B
20240229;101353;569.45;1;9725661284;B
20240229;101353;569.45;4;9725661285;B
20240229;101353;569.45;82;9725661286;B
20240229;101353;569.45;329;9725661287;B
20240229;101353;569.45;62;9725661288;B
20240229;101353;569.45;200;9725661349;B
20240229;101353;569.45;10;9725661391;B
20240229;101353;569.45;1;9725661393;B
20240229;101353;569.45;1;9725661394;B
20240229;101353;569.45;5;9725661395;B
20240229;101354;569.45;1;9725661468;B
20240229;101354;569.45;2;9725661526;B
20240229;101354;569.45;1;9725661527;B
20240229;101355;569.45;14;9725661706;B
20240229;101355;569.45;17;9725661707;B
20240229;101355;569.45;54;9725661708;B
20240229;101358;569.45;1;9725661948;B
20240229;101358;569.45;1;9725661949;B
20240229;101358;569.45;1;9725661950;B
20240229;101358;569.45;2;9725661971;B
20240229;101358;569.4;15;9725662036;S
20240229;101358;569.45;10;9725662052;B
20240229;101359;569.45;100;9725662154;B
20240229;101403;569.4;6;9725662624;S
20240229;101405;569.45;2;9725662946;B
20240229;101406;569.45;50;9725662971;B
20240229;101406;569.4;2;9725663059;S
20240229;101407;569.45;10;9725663085;B
20240229;101407;569.4;42;9725663181;S
20240229;101408;569.45;1;9725663305;B
20240229;101408;569.4;13;9725663360;S
20240229;101408;569.45;1;9725663369;B
20240229;101409;569.45;3;9725663485;B
20240229;101409;569.45;20;9725663515;B
20240229;101410;569.45;1;9725663568;B
20240229;101410;569.45;5;9725663589;B
20240229;101411;569.45;100;9725663697;B
20240229;101412;569.45;1;9725663738;B
20240229;101412;569.45;5;9725663771;B
20240229;101413;569.45;2;9725663841;B
20240229;101414;569.4;30;9725663916;S
20240229;101414;569.45;200;9725663918;B
20240229;101414;569.4;200;9725663991;S
20240229;101415;569.4;1;9725664056;S
20240229;101415;569.45;4;9725664057;B
20240229;101415;569.45;1437;9725664072;B
20240229;101415;569.45;1;9725664073;B
20240229;101415;569.45;2;9725664074;B
20240229;101415;569.45;15;9725664075;B
20240229;101415;569.45;30;9725664076;B
20240229;101415;569.45;5;9725664077;B
20240229;101415;569.45;1;9725664078;B
20240229;101415;569.45;1;9725664079;B
20240229;101415;569.45;100;9725664080;B
20240229;101415;569.45;20;9725664081;B
20240229;101415;569.5;2;9725664082;B
20240229;101415;569.5;16;9725664083;B
20240229;101415;569.5;3;9725664084;B
20240229;101415;569.5;1;9725664085;B
20240229;101415;569.5;8;9725664086;B
20240229;101415;569.5;2;9725664087;B
20240229;101415;569.5;32;9725664088;B
20240229;101415;569.5;18;9725664089;B
20240229;101415;569.5;116;9725664090;B
20240229;101415;569.45;100;9725664108;S
20240229;101415;569.55;2;9725664129;B
20240229;101415;569.55;5;9725664130;B
20240229;101415;569.55;1;9725664131;B
20240229;101415;569.55;1;9725664132;B
20240229;101415;569.55;1;9725664133;B
20240229;101415;569.55;1;9725664134;B
20240229;101415;569.6;2;9725664135;B
20240229;101415;569.6;16;9725664136;B
20240229;101415;569.6;1;9725664137;B
20240229;101415;569.6;1;9725664138;B
20240229;101415;569.6;5;9725664139;B
20240229;101415;569.6;9;9725664140;B
20240229;101415;569.6;58;9725664141;B
20240229;101415;569.6;11;9725664142;B
20240229;101415;569.6;11;9725664143;B
20240229;101415;569.6;33;9725664144;B
20240229;101415;569.6;28;9725664145;B
20240229;101415;569.6;21;9725664146;B
20240229;101415;569.6;17;9725664147;B
20240229;101415;569.6;14;9725664148;B
20240229;101415;569.6;165;9725664149;B
20240229;101415;569.65;2;9725664150;B
20240229;101415;569.65;11;9725664151;B
20240229;101416;569.65;4;9725664162;B
20240229;101416;569.65;1;9725664206;B
20240229;101416;569.6;68;9725664237;S
20240229;101416;569.6;12;9725664238;S
20240229;101416;569.65;31;9725664247;B
20240229;101416;569.65;24;9725664248;B
20240229;101417;569.65;1;9725664315;B
20240229;101417;569.65;1;9725664417;B
20240229;101418;569.65;1;9725664590;B
20240229;101420;569.65;1;9725664678;B
20240229;101421;569.65;1;9725664775;B
20240229;101421;569.65;64;9725664776;B
20240229;101421;569.7;1;9725664816;B
20240229;101422;569.65;4;9725664820;S
20240229;101422;569.65;2;9725664884;S
20240229;101423;569.65;48;9725664905;S
20240229;101423;569.65;7;9725664906;S
20240229;101423;569.7;1;9725665012;B
20240229;101423;569.7;1;9725665013;B
20240229;101423;569.7;1;9725665014;B
20240229;101423;569.7;6;9725665015;B
20240229;101424;569.7;2;9725665117;B
20240229;101424;569.65;2;9725665157;S
20240229;101424;569.7;2;9725665165;B
20240229;101425;569.7;10;9725665330;B
20240229;101425;569.7;1;9725665331;B
20240229;101427;569.7;9;9725665517;B
20240229;101427;569.7;2;9725665518;B
20240229;101427;569.7;1;9725665523;B
20240229;101429;569.7;46;9725665707;B
20240229;101430;569.7;1;9725665823;B
20240229;101430;569.65;1;9725665862;S
20240229;101431;569.7;5;9725665941;B
20240229;101431;569.75;1;9725665942;B
20240229;101432;569.65;4;9725666023;S
20240229;101432;569.75;1;9725666048;B
20240229;101432;569.75;25;9725666049;B
20240229;101435;569.7;50;9725666258;S
20240229;101435;569.65;50;9725666259;S
20240229;101435;569.75;5;9725666287;B
20240229;101435;569.75;10;9725666288;B
20240229;101435;569.75;38;9725666289;B
20240229;101436;569.75;34;9725666390;B
20240229;101436;569.65;14;9725666453;S
20240229;101438;569.65;14;9725666802;S
20240229;101439;569.7;1;9725667004;B
20240229;101439;569.7;29;9725667009;B
20240229;101439;569.7;50;9725667010;B
20240229;101439;569.75;228;9725667011;B
20240229;101439;569.75;36;9725667012;B
20240229;101439;569.75;2;9725667013;B
20240229;101439;569.8;2;9725667014;B
20240229;101439;569.8;53;9725667015;B
20240229;101440;569.7;1;9725667164;B
20240229;101440;569.75;300;9725667165;B
20240229;101440;569.8;47;9725667166;B
20240229;101440;569.8;66;9725667167;B
20240229;101440;569.85;2;9725667168;B
20240229;101440;569.85;10;9725667169;B
20240229;101440;569.85;1;9725667170;B
20240229;101440;569.85;5;9725667171;B
20240229;101440;569.85;18;9725667172;B
20240229;101443;569.7;2;9725667514;S
20240229;101443;569.7;1;9725667546;S
20240229;101445;569.75;1;9725667685;B
20240229;101445;569.75;1;9725667715;B
20240229;101445;569.8;136;9725667716;B
20240229;101452;569.8;3;9725668349;B
20240229;101452;569.7;3;9725668371;S
20240229;101456;569.7;1;9725668697;S
20240229;101456;569.65;24;9725668698;S
20240229;101456;569.8;1;9725668733;B
20240229;101500;569.7;1;9725669011;S
20240229;101500;569.7;1;9725669083;S
20240229;101500;569.7;1;9725669111;S
20240229;101501;569.75;1;9725669251;B
20240229;101501;569.8;5;9725669252;B
20240229;101503;569.75;2;9725669678;S
20240229;101504;569.75;2;9725669960;S
20240229;101506;569.8;2;9725670388;B
20240229;101506;569.8;14;9725670392;B
20240229;101509;569.75;3;9725670804;S
20240229;101510;569.8;1;9725670992;B
20240229;101510;569.85;1;9725670993;B
20240229;101510;569.75;3;9725671006;S
20240229;101512;569.8;1;9725671407;B
20240229;101512;569.85;1;9725671408;B
20240229;101513;569.8;1;9725671525;S
20240229;101513;569.8;1;9725671553;S
20240229;101513;569.85;5;9725671560;B
20240229;101513;569.85;1;9725671561;B
20240229;101513;569.8;1;9725671602;S
20240229;101513;569.8;1;9725671611;S
20240229;101513;569.75;1;9725671644;S
20240229;101515;569.75;1;9725671866;S
20240229;101517;569.75;8;9725672344;S
20240229;101517;569.75;192;9725672345;S
20240229;101519;569.75;1;9725672549;S
20240229;101519;569.75;3;9725672653;S
20240229;101519;569.75;1;9725672706;S
20240229;101520;569.8;1;9725672768;B
20240229;101520;569.75;1;9725672773;S
20240229;101520;569.75;1;9725672794;S
20240229;101520;569.8;1;9725672833;B
20240229;101520;569.8;90;9725672879;B
20240229;101520;569.8;3;9725672887;B
20240229;101520;569.75;1;9725672888;S
20240229;101520;569.75;1;9725672890;S
20240229;101521;569.8;8;9725673052;B
20240229;101523;569.8;71;9725673334;B
20240229;101527;569.8;26;9725673979;B
20240229;101527;569.85;10;9725673980;B
20240229;101527;569.85;5;9725673981;B
20240229;101527;569.85;1;9725673982;B
20240229;101527;569.9;2;9725673983;B
20240229;101527;569.9;3;9725673984;B
20240229;101527;569.9;100;9725673985;B
20240229;101527;569.9;500;9725673986;B
20240229;101527;569.9;500;9725673987;B
20240229;101527;569.9;1;9725673988;B
20240229;101527;569.9;10;9725673989;B
20240229;101527;569.9;50;9725673990;B
20240229;101527;569.9;1772;9725673991;B
20240229;101527;569.9;80;9725673992;B
20240229;101527;569.9;63;9725673993;B
20240229;101527;569.95;2;9725673994;B
20240229;101527;569.95;1;9725673995;B
20240229;101527;569.95;50;9725673996;B
20240229;101527;569.95;12;9725673997;B
20240229;101527;569.95;1;9725673998;B
20240229;101527;569.95;3;9725673999;B
20240229;101527;569.95;125;9725674000;B
20240229;101527;569.95;5;9725674001;B
20240229;101527;569.95;50;9725674002;B
20240229;101527;569.95;30;9725674003;B
20240229;101527;570;2;9725674004;B
20240229;101527;570;115;9725674005;B
20240229;101527;570;3;9725674006;B
20240229;101527;570;1;9725674007;B
20240229;101527;570;10;9725674008;B
20240229;101527;570;200;9725674009;B
20240229;101527;570;1000;9725674010;B
20240229;101527;570;6;9725674011;B
20240229;101527;570;2;9725674012;B
20240229;101527;570;10;9725674013;B
20240229;101527;570;3;9725674014;B
20240229;101527;570;1;9725674015;B
20240229;101527;570;1;9725674016;B
20240229;101527;570;6;9725674017;B
20240229;101527;570;3;9725674018;B
20240229;101527;570;235;9725674019;B
20240229;101527;570;1;9725674021;B
20240229;101527;569.9;3;9725674055;S
20240229;101527;569.9;27;9725674056;S
20240229;101527;569.9;64;9725674057;S
20240229;101527;569.85;11;9725674058;S
20240229;101527;569.85;237;9725674059;S
20240229;101527;570;100;9725674061;B
20240229;101527;570;176;9725674068;B
20240229;101527;569.85;4;9725674080;S
20240229;101528;569.9;347;9725674161;B
20240229;101528;569.9;66;9725674162;B
20240229;101528;569.9;81;9725674163;B
20240229;101528;569.85;1;9725674240;S
20240229;101528;569.9;206;9725674242;B
20240229;101528;569.9;9;9725674243;B
20240229;101528;570;36;9725674244;B
20240229;101528;570;30;9725674245;B
20240229;101528;570;10;9725674246;B
20240229;101528;570;88;9725674247;B
20240229;101528;570;3;9725674248;B
20240229;101528;570;500;9725674249;B
20240229;101528;570;1;9725674250;B
20240229;101528;570;1;9725674251;B
20240229;101528;570;10;9725674252;B
20240229;101528;570;54;9725674253;B
20240229;101528;570;100;9725674254;B
20240229;101528;570;7;9725674255;B
20240229;101528;570;6;9725674256;B
20240229;101528;570;223;9725674257;B
20240229;101528;570;4;9725674258;B
20240229;101528;570;1;9725674259;B
20240229;101528;570;5;9725674260;B
20240229;101528;570;5;9725674261;B
20240229;101528;570;350;9725674262;B
20240229;101528;570;10;9725674263;B
20240229;101528;570;20;9725674264;B
20240229;101528;570;1;9725674265;B
20240229;101528;570;2;9725674266;B
20240229;101528;570;2;9725674267;B
20240229;101528;570;5;9725674268;B
20240229;101528;570;1;9725674269;B
20240229;101528;570;310;9725674270;B
20240229;101529;569.85;1;9725674401;S
20240229;101529;569.85;2;9725674419;S
20240229;101529;570;30;9725674471;B
20240229;101529;570;15;9725674472;B
20240229;101529;570;13;9725674473;B
20240229;101529;570;37;9725674474;B
20240229;101529;570;1;9725674475;B
20240229;101529;570;20;9725674476;B
20240229;101529;570;11;9725674477;B
20240229;101529;570;77;9725674478;B
20240229;101529;570;1;9725674479;B
20240229;101530;570.05;2;9725674763;B
20240229;101530;570.05;6;9725674764;B
20240229;101530;570.05;5;9725674765;B
20240229;101530;570.05;1;9725674766;B
20240229;101530;570.1;2;9725674767;B
20240229;101530;570.1;10;9725674768;B
20240229;101530;570.1;1;9725674769;B
20240229;101530;570.1;5;9725674770;B
20240229;101530;570.1;59;9725674771;B
20240229;101530;570.1;16;9725674772;B
20240229;101530;570.15;2;9725674773;B
20240229;101530;570.15;9;9725674774;B
20240229;101530;570.15;1;9725674775;B
20240229;101530;570.15;5;9725674776;B
20240229;101530;570.15;1;9725674777;B
20240229;101530;570.15;138;9725674778;B
20240229;101531;570;1;9725674832;S
20240229;101531;570.1;2;9725674902;B
20240229;101531;570.1;110;9725674903;B
20240229;101531;570.15;88;9725674904;B
20240229;101531;570.15;4;9725674961;B
20240229;101532;570.15;1;9725675088;B
20240229;101532;570.15;1;9725675092;B
20240229;101532;570.1;1;9725675107;S
20240229;101533;570.15;1;9725675242;B
20240229;101533;570.1;1;9725675252;S
20240229;101533;570.1;1;9725675286;S
20240229;101533;570.1;1;9725675298;S
20240229;101534;570.1;1;9725675337;S
20240229;101534;570.15;1;9725675378;B
20240229;101534;570.15;30;9725675407;B
20240229;101535;570.1;45;9725675643;S
20240229;101535;570;53;9725675644;S
20240229;101535;569.95;63;9725675645;S
20240229;101535;569.95;19;9725675646;S
20240229;101535;569.95;1;9725675724;S
20240229;101538;570;46;9725676189;S
20240229;101539;570.1;1;9725676226;B
20240229;101541;570.1;1;9725676672;B
20240229;101542;570.1;1;9725676779;B
20240229;101543;570;1;9725677019;S
20240229;101543;570;2;9725677067;S
20240229;101543;570;1;9725677091;S
20240229;101543;569.95;4;9725677092;S
20240229;101546;570.1;1;9725677464;B
20240229;101546;570.1;1;9725677496;B
20240229;101547;570.15;1;9725677747;B
20240229;101550;570.05;8;9725678316;S
20240229;101550;570.1;1;9725678385;B
20240229;101551;570.1;1;9725678555;B
20240229;101551;570.1;1;9725678611;B
20240229;101551;570.1;7;9725678645;B
20240229;101551;570.1;43;9725678646;B
20240229;101551;570.05;18;9725678652;S
20240229;101552;570.1;2;9725678788;B
20240229;101552;570.1;1;9725678804;B
20240229;101552;570.1;1;9725678818;B
20240229;101553;570.1;1;9725678975;B
20240229;101553;570.1;1;9725679085;B
20240229;101554;570.1;1;9725679159;B
20240229;101554;570.1;1;9725679187;B
20240229;101554;570.1;5;9725679192;B
20240229;101554;570.1;1;9725679225;B
20240229;101554;570.05;3;9725679236;S
20240229;101555;570.1;2;9725679283;B
20240229;101555;570.1;1;9725679411;B
20240229;101555;570.1;1;9725679426;B
20240229;101556;570.1;50;9725679512;B
20240229;101556;570.05;34;9725679596;S
20240229;101556;570.1;1;9725679599;B
20240229;101557;570.1;1;9725679642;B
20240229;101557;570.1;1;9725679663;B
20240229;101557;570.1;1;9725679702;B
20240229;101557;570.05;5;9725679798;S
20240229;101558;570.1;1;9725679866;B
20240229;101558;570.05;14;9725679902;S
20240229;101558;570.05;3;9725679913;S
20240229;101558;570.1;131;9725679983;B
20240229;101559;570.1;1;9725680172;B
20240229;101559;570.1;30;9725680241;B
20240229;101559;570.1;1;9725680272;B
20240229;101600;570.1;1;9725680342;B
20240229;101600;570.05;6;9725680412;S
20240229;101601;570.05;2;9725680490;S
20240229;101601;570.1;1;9725680580;B
20240229;101601;570.1;1;9725680589;B
20240229;101602;570.1;100;9725680689;B
20240229;101603;570.1;2;9725680957;B
20240229;101604;570.1;1;9725681130;B
20240229;101604;570.1;4;9725681169;B
20240229;101604;570.1;3;9725681252;B
20240229;101605;570.1;1;9725681268;B
20240229;101605;570.1;1;9725681270;B
20240229;101605;570.1;4;9725681272;B
20240229;101605;570.1;2;9725681370;B
20240229;101606;570.1;5;9725681453;B
20240229;101606;570.1;2;9725681463;B
20240229;101606;570.1;93;9725681465;B
20240229;101606;570.1;5;9725681466;B
20240229;101606;570.1;1;9725681467;B
20240229;101606;570.15;35;9725681468;B
20240229;101606;570.15;1;9725681469;B
20240229;101606;570.15;1;9725681470;B
20240229;101606;570.15;53;9725681471;B
20240229;101606;570.15;5;9725681472;B
20240229;101606;570.15;50;9725681473;B
20240229;101606;570.15;2;9725681474;B
20240229;101606;570.15;1;9725681475;B
20240229;101606;570.15;1;9725681476;B
20240229;101606;570.15;60;9725681477;B
20240229;101606;570.2;2;9725681478;B
20240229;101606;570.2;2;9725681479;B
20240229;101606;570.2;1;9725681480;B
20240229;101606;570.2;10;9725681481;B
20240229;101606;570.2;1;9725681482;B
20240229;101606;570.2;1;9725681483;B
20240229;101606;570.2;1;9725681484;B
20240229;101606;570.2;274;9725681485;B
20240229;101606;570.2;1;9725681486;B
20240229;101606;570.2;11;9725681517;B
20240229;101607;570.1;60;9725681709;S
20240229;101607;570.1;37;9725681710;S
20240229;101607;570.05;3;9725681711;S
20240229;101607;570.2;7;9725681772;B
20240229;101608;570.2;1;9725681854;B
20240229;101611;570.2;4;9725682196;B
20240229;101612;570.05;6;9725682343;S
20240229;101613;570.1;2;9725682425;B
20240229;101613;570.1;3;9725682448;B
20240229;101613;570.05;15;9725682480;S
20240229;101614;570.1;6;9725682637;B
20240229;101615;570.1;3;9725682688;B
20240229;101615;570.1;1;9725682723;B
20240229;101615;570.1;2;9725682776;B
20240229;101616;570.1;1;9725682897;B
20240229;101616;570.1;1;9725682917;B
20240229;101617;570.1;1;9725682945;B
20240229;101617;570.1;3;9725683129;B
20240229;101618;570.1;8;9725683212;B
20240229;101618;570.1;1;9725683238;B
20240229;101618;570.05;1;9725683253;S
20240229;101619;570.1;19;9725683342;B
20240229;101620;570.05;1;9725683520;S
20240229;101620;570.1;3;9725683561;B
20240229;101621;570.1;2;9725683795;B
20240229;101622;570.1;1;9725683858;B
20240229;101622;570.1;1;9725683993;B
20240229;101622;570.1;55;9725683994;B
20240229;101623;570.1;5;9725684052;B
20240229;101623;570.1;1;9725684155;B
20240229;101623;570.1;5;9725684218;B
20240229;101624;570.1;1;9725684293;B
20240229;101624;570.1;1;9725684295;B
20240229;101625;570.1;1;9725684603;B
20240229;101625;570.1;1;9725684622;B
20240229;101625;570.05;1;9725684628;S
20240229;101625;570.05;1;9725684668;S
20240229;101625;570.1;1;9725684672;B
20240229;101626;570.1;2;9725684775;B
20240229;101627;570.1;2;9725684846;B
20240229;101627;570.1;3;9725684941;B
20240229;101627;570.1;5;9725685019;B
20240229;101628;570.1;4;9725685156;B
20240229;101628;570.1;19;9725685282;B
20240229;101630;570.05;2;9725685531;S
20240229;101630;570.1;12;9725685540;B
20240229;101630;570.1;2;9725685579;B
20240229;101630;570.05;1;9725685599;S
20240229;101630;570.1;4;9725685605;B
20240229;101630;570.1;1;9725685642;B
20240229;101631;570.1;17;9725685662;B
20240229;101631;570.1;38;9725685663;B
20240229;101631;570.1;12;9725685665;B
20240229;101631;570.1;30;9725685666;B
20240229;101631;570.1;5;9725685667;B
20240229;101631;570.15;5;9725685668;B
20240229;101631;570.15;1;9725685669;B
20240229;101631;570.15;5;9725685670;B
20240229;101631;570.15;60;9725685671;B
20240229;101631;570.15;25;9725685672;B
20240229;101631;570.2;724;9725685673;B
20240229;101632;570.2;27;9725685826;B
20240229;101632;570.2;2;9725685912;B
20240229;101632;570.2;1;9725685934;B
20240229;101633;570.2;2;9725685954;B
20240229;101634;570.2;3;9725686075;B
20240229;101634;570.2;5;9725686189;B
20240229;101635;570.2;5;9725686254;B
20240229;101635;570.2;11;9725686267;B
20240229;101636;570.2;122;9725686416;B
20240229;101636;570.2;5;9725686417;B
20240229;101636;570.2;58;9725686418;B
20240229;101636;570.2;4;9725686431;B
20240229;101638;570.15;1;9725686726;S
20240229;101639;570.2;26;9725686733;B
20240229;101639;570.2;5;9725686738;B
20240229;101641;570.15;3;9725686925;B
20240229;101641;570.15;2;9725686956;B
20240229;101641;570.15;5;9725686962;B
20240229;101641;570.15;3;9725686966;B
20240229;101642;570.1;45;9725687028;S
20240229;101643;570.15;1;9725687100;B
20240229;101643;570.15;4;9725687172;B
20240229;101644;570.1;19;9725687208;S
20240229;101644;570.1;1;9725687209;S
20240229;101645;570.15;428;9725687299;B
20240229;101645;570.15;1;9725687300;B
20240229;101645;570.2;407;9725687301;B
20240229;101645;570.2;1;9725687302;B
20240229;101645;570.2;1;9725687303;B
20240229;101645;570.2;200;9725687304;B
