<DATE>;<TIME>;<LAST>;<VOL>;<ID>;<OPER>
20240216;095932;590.050000000;2;9618268967;B
20240216;095932;590.050000000;3;9618268968;B
20240216;095932;590.050000000;7;9618268969;B
20240216;095932;590.050000000;24;9618268970;B
20240216;095932;590.050000000;1;9618268971;S
20240216;095932;590.050000000;3;9618268972;S
20240216;095932;590.050000000;25;9618268973;S
20240216;095932;590.050000000;38;9618268974;S
20240216;095932;590.050000000;21;9618268975;S
20240216;095932;590.050000000;9;9618268976;S
20240216;095932;590.050000000;1;9618268977;S
20240216;095932;590.050000000;2;9618268978;S
20240216;095932;590.050000000;3;9618268979;S
20240216;095932;590.050000000;4;9618268980;B
20240216;095932;590.050000000;7;9618268981;B
20240216;095932;590.050000000;1;9618268982;B
20240216;095932;590.050000000;2;9618268983;B
20240216;095932;590.050000000;3;9618268984;B
20240216;095932;590.050000000;2;9618268985;B
20240216;095932;590.050000000;10;9618268986;B
20240216;095932;590.050000000;10;9618268987;B
20240216;095932;590.050000000;1;9618268988;B
20240216;095932;590.050000000;4;9618268989;B
20240216;095932;590.050000000;2;9618268990;B
20240216;095932;590.050000000;2;9618268991;B
20240216;095932;590.050000000;4;9618268992;B
20240216;095932;590.050000000;2;9618268993;B
20240216;095932;590.050000000;1;9618268994;B
20240216;095932;590.050000000;1;9618268995;B
20240216;095932;590.050000000;1;9618268996;B
20240216;095932;590.050000000;2;9618268997;B
20240216;095932;590.050000000;1;9618268998;S
20240216;095932;590.050000000;1;9618268999;S
20240216;095932;590.050000000;2;9618269000;S
20240216;095932;590.050000000;2;9618269001;B
20240216;095932;590.050000000;2;9618269002;B
20240216;095932;590.050000000;1;9618269003;B
20240216;095932;590.050000000;1;9618269004;B
20240216;095932;590.050000000;5;9618269005;S
20240216;095932;590.050000000;1;9618269006;S
20240216;095932;590.050000000;1;9618269007;B
20240216;095932;590.050000000;1;9618269008;B
20240216;095932;590.050000000;2;9618269009;B
20240216;095932;590.050000000;1;9618269010;B
20240216;095932;590.050000000;1;9618269011;B
20240216;095932;590.050000000;2;9618269012;B
20240216;095932;590.050000000;1;9618269013;B
20240216;095932;590.050000000;1;9618269014;B
20240216;095932;590.050000000;2;9618269015;B
20240216;095932;590.050000000;2;9618269016;B
20240216;095932;590.050000000;2;9618269017;B
20240216;095932;590.050000000;3;9618269018;B
20240216;095932;590.050000000;3;9618269019;B
20240216;095932;590.050000000;1;9618269020;B
20240216;095932;590.050000000;2;9618269021;B
20240216;095932;590.050000000;2;9618269022;B
20240216;095932;590.050000000;1;9618269023;B
20240216;095932;590.050000000;2;9618269024;B
20240216;095932;590.050000000;1;9618269025;B
20240216;095932;590.050000000;1;9618269026;B
20240216;095932;590.050000000;1;9618269027;B
20240216;095932;590.050000000;1;9618269028;B
20240216;095932;590.050000000;1;9618269029;B
20240216;095932;590.050000000;1;9618269030;B
20240216;095932;590.050000000;2;9618269031;B
20240216;095932;590.050000000;8;9618269032;S
20240216;095932;590.050000000;10;9618269033;B
20240216;095932;590.050000000;2;9618269034;B
20240216;095932;590.050000000;20;9618269035;B
20240216;095932;590.050000000;2;9618269036;B
20240216;095932;590.050000000;66;9618269037;B
20240216;095932;590.050000000;3;9618269038;S
20240216;095932;590.050000000;31;9618269039;B
20240216;095932;590.050000000;4;9618269040;B
20240216;095932;590.050000000;1;9618269041;B
20240216;095932;590.050000000;2;9618269042;B
20240216;095932;590.050000000;3;9618269043;B
20240216;095932;590.050000000;3;9618269044;B
20240216;095932;590.050000000;3;9618269045;B
20240216;095932;590.050000000;3;9618269046;B
20240216;095932;590.050000000;3;9618269047;B
20240216;095932;590.050000000;3;9618269048;B
20240216;095932;590.050000000;2;9618269049;B
20240216;095932;590.050000000;2;9618269050;B
20240216;095932;590.050000000;2;9618269051;B
20240216;095932;590.050000000;4;9618269052;B
20240216;095932;590.050000000;4;9618269053;B
20240216;095932;590.050000000;1;9618269054;B
20240216;095932;590.050000000;2;9618269055;B
20240216;095932;590.050000000;2;9618269056;B
20240216;095932;590.050000000;10;9618269057;B
20240216;095932;590.050000000;1;9618269058;B
20240216;095932;590.050000000;15;9618269059;B
20240216;100000;590.150000000;11;9618274926;B
20240216;100000;590.100000000;100;9618274947;B
20240216;100000;590.100000000;100;9618274950;B
20240216;100000;590.100000000;200;9618274951;B
20240216;100000;590.100000000;23;9618274952;B
20240216;100000;590.150000000;135;9618274957;S
20240216;100000;590.150000000;42;9618274958;S
20240216;100000;590.100000000;93;9618274979;B
20240216;100000;590.150000000;107;9618274980;B
20240216;100000;590.100000000;75;9618275008;B
20240216;100000;590.100000000;100;9618275015;B
20240216;100000;590.100000000;25;9618275020;B
20240216;100000;590.150000000;28;9618275037;B
20240216;100000;590.150000000;72;9618275067;S
20240216;100000;590.150000000;63;9618275068;S
20240216;100000;590.150000000;31;9618275198;B
20240216;100000;590.200000000;106;9618275199;B
20240216;100000;590.300000000;100;9618275223;B
20240216;100000;590.100000000;100;9618275233;B
20240216;100000;590.100000000;100;9618275262;B
20240216;100000;590.100000000;70;9618275263;B
20240216;100000;590.150000000;135;9618275276;S
20240216;100000;590.200000000;8;9618275302;B
20240216;100000;590.250000000;75;9618275325;B
20240216;100000;590.250000000;100;9618275329;B
20240216;100000;590.250000000;95;9618275410;B
20240216;100000;590.200000000;100;9618275438;S
20240216;100000;590.250000000;6;9618275659;B
20240216;100001;590.250000000;79;9618275867;B
20240216;100001;590.250000000;56;9618276103;B
20240216;100001;590.250000000;56;9618276125;B
20240216;100001;590.250000000;79;9618276161;B
20240216;100001;590.300000000;135;9618276162;B
20240216;100001;590.300000000;27;9618276163;B
20240216;100001;590.350000000;2;9618276164;B
20240216;100001;590.350000000;135;9618276165;B
20240216;100001;590.450000000;6;9618276179;B
20240216;100001;590.450000000;211;9618276184;B
20240216;100001;590.450000000;10;9618276573;B
20240216;100003;590.500000000;1;9618277635;B
20240216;100003;590.500000000;23;9618277636;B
20240216;100003;590.550000000;2;9618277637;B
20240216;100004;590.650000000;1;9618277893;B
20240216;100004;590.650000000;100;9618277918;B
20240216;100004;590.650000000;34;9618277919;B
20240216;100004;590.700000000;1;9618278141;B
20240216;100005;590.700000000;1;9618278308;B
20240216;100005;590.700000000;3;9618278327;B
20240216;100005;590.650000000;2;9618278328;S
20240216;100005;590.650000000;2;9618278439;S
20240216;100005;590.700000000;2;9618278442;B
20240216;100005;590.700000000;2;9618278444;B
20240216;100005;590.700000000;1;9618278445;B
20240216;100005;590.650000000;2;9618278447;S
20240216;100005;590.650000000;18;9618278448;S
20240216;100005;590.650000000;1;9618278452;S
20240216;100005;590.700000000;1;9618278455;B
20240216;100005;590.700000000;2;9618278456;B
20240216;100005;590.700000000;1;9618278459;B
20240216;100005;590.700000000;1;9618278553;B
20240216;100005;590.750000000;1;9618278554;B
20240216;100005;590.750000000;1;9618278594;B
20240216;100005;590.700000000;2;9618278595;S
20240216;100005;590.750000000;1;9618278597;B
20240216;100005;590.700000000;1;9618278598;S
20240216;100005;590.700000000;2;9618278599;S
20240216;100005;590.750000000;1;9618278600;B
20240216;100005;590.700000000;2;9618278601;S
20240216;100005;590.750000000;1;9618278603;B
20240216;100005;590.700000000;2;9618278611;S
20240216;100005;590.750000000;2;9618278667;B
20240216;100005;590.750000000;1;9618278755;B
20240216;100005;590.700000000;2;9618278756;S
20240216;100005;590.750000000;2;9618278757;B
20240216;100005;590.750000000;3;9618278758;B
20240216;100005;590.750000000;1;9618278761;B
20240216;100005;590.700000000;2;9618278765;S
20240216;100005;590.750000000;1;9618278767;B
20240216;100005;590.750000000;2;9618278769;B
20240216;100005;590.750000000;2;9618278770;B
20240216;100005;590.700000000;2;9618278774;S
20240216;100005;590.750000000;2;9618278775;B
20240216;100005;590.700000000;2;9618278776;S
20240216;100005;590.750000000;2;9618278981;B
20240216;100005;590.750000000;2;9618278982;B
20240216;100005;590.800000000;1;9618278983;B
20240216;100005;590.700000000;2;9618278984;S
20240216;100005;590.800000000;2;9618278986;B
20240216;100005;590.800000000;1;9618278987;B
20240216;100005;590.750000000;1;9618278989;S
20240216;100005;590.750000000;1;9618278990;S
20240216;100005;590.800000000;3;9618278993;B
20240216;100005;590.800000000;3;9618278997;B
20240216;100005;590.800000000;50;9618278998;B
20240216;100005;590.800000000;22;9618278999;B
20240216;100005;590.950000000;58;9618279000;B
20240216;100005;590.750000000;1;9618279017;S
20240216;100005;590.900000000;2;9618279021;S
20240216;100005;590.900000000;1;9618279024;S
20240216;100005;590.900000000;2;9618279168;S
20240216;100005;590.900000000;2;9618279169;S
20240216;100005;590.900000000;2;9618279170;S
20240216;100005;590.900000000;3;9618279171;S
20240216;100005;590.900000000;2;9618279174;S
20240216;100005;590.900000000;2;9618279175;S
20240216;100005;590.900000000;2;9618279176;S
20240216;100005;590.950000000;1;9618279177;B
20240216;100005;590.950000000;3;9618279178;B
20240216;100005;590.950000000;4;9618279390;B
20240216;100005;590.900000000;1;9618279393;S
20240216;100005;590.900000000;1;9618279394;S
20240216;100005;590.950000000;1;9618279396;B
20240216;100005;590.950000000;2;9618279397;B
20240216;100005;590.950000000;2;9618279398;B
20240216;100005;590.950000000;1;9618279399;B
20240216;100005;590.950000000;1;9618279402;B
20240216;100005;590.950000000;1;9618279403;B
20240216;100005;590.900000000;1;9618279404;S
20240216;100005;590.950000000;1;9618279405;B
20240216;100005;590.950000000;1;9618279406;B
20240216;100005;590.950000000;1;9618279415;B
20240216;100005;590.950000000;1;9618279422;B
20240216;100005;590.950000000;2;9618279429;B
20240216;100005;590.900000000;2;9618279433;S
20240216;100005;590.950000000;1;9618279443;B
20240216;100005;590.950000000;25;9618279444;B
20240216;100005;590.950000000;1;9618279445;B
20240216;100005;590.950000000;100;9618279446;B
20240216;100005;590.950000000;3;9618279447;B
20240216;100005;590.900000000;2;9618279450;S
20240216;100005;590.900000000;2;9618279451;S
20240216;100005;590.900000000;1;9618279454;S
20240216;100005;590.950000000;1;9618279604;B
20240216;100005;590.900000000;1;9618279606;S
20240216;100005;590.900000000;2;9618279607;S
20240216;100005;590.950000000;1;9618279609;B
20240216;100005;590.950000000;1;9618279610;B
20240216;100005;590.950000000;1;9618279612;B
20240216;100005;590.900000000;2;9618279616;S
20240216;100005;590.900000000;2;9618279624;S
20240216;100005;590.900000000;40;9618279630;S
20240216;100005;590.950000000;1;9618279631;B
20240216;100005;590.950000000;2;9618279633;B
20240216;100005;590.950000000;2;9618279635;B
20240216;100006;590.950000000;7;9618279896;B
20240216;100006;590.900000000;2;9618279897;S
20240216;100006;590.950000000;2;9618279901;B
20240216;100006;590.950000000;1;9618279907;B
20240216;100006;590.950000000;1;9618279908;B
20240216;100006;590.950000000;19;9618279909;B
20240216;100006;590.950000000;1;9618279913;B
20240216;100006;590.900000000;2;9618279916;S
20240216;100006;590.950000000;2;9618279917;B
20240216;100006;590.950000000;1;9618279920;B
20240216;100006;590.950000000;2;9618279921;B
20240216;100006;590.900000000;1;9618279922;S
20240216;100006;590.950000000;2;9618279924;B
20240216;100006;590.950000000;1;9618279925;B
20240216;100006;590.900000000;2;9618279929;S
20240216;100006;590.900000000;3;9618279931;S
20240216;100006;590.900000000;5;9618279959;S
20240216;100006;590.950000000;2;9618280037;B
20240216;100006;590.950000000;8;9618280038;B
20240216;100006;590.900000000;2;9618280053;S
20240216;100006;590.950000000;1;9618280070;B
20240216;100006;590.950000000;2;9618280071;B
20240216;100006;590.900000000;1;9618280072;S
20240216;100006;590.950000000;2;9618280075;B
20240216;100006;590.900000000;2;9618280076;S
20240216;100006;590.950000000;2;9618280077;B
20240216;100006;590.900000000;1;9618280078;S
20240216;100006;590.900000000;2;9618280079;S
20240216;100006;590.950000000;1;9618280081;B
20240216;100006;590.950000000;4;9618280082;B
20240216;100006;590.950000000;2;9618280083;B
20240216;100006;590.950000000;10;9618280094;B
20240216;100006;590.950000000;1;9618280109;B
20240216;100006;590.950000000;2;9618280110;B
20240216;100006;590.900000000;2;9618280111;S
20240216;100006;590.900000000;2;9618280112;S
20240216;100006;590.900000000;2;9618280113;S
20240216;100006;590.900000000;2;9618280114;S
20240216;100006;590.900000000;2;9618280115;S
20240216;100006;590.950000000;1;9618280116;B
20240216;100006;590.950000000;1;9618280118;B
20240216;100006;590.950000000;2;9618280119;B
20240216;100006;590.900000000;1;9618280120;S
20240216;100006;590.900000000;1;9618280122;S
20240216;100006;590.950000000;4;9618280123;B
20240216;100006;590.900000000;1;9618280461;S
20240216;100006;590.900000000;1;9618280462;S
20240216;100006;590.950000000;112;9618280465;B
20240216;100006;590.950000000;57;9618280466;B
20240216;100006;590.950000000;2;9618280474;B
20240216;100006;590.900000000;12;9618280476;S
20240216;100006;590.950000000;9;9618280483;B
20240216;100006;590.950000000;121;9618280505;B
20240216;100006;590.950000000;1;9618280506;B
20240216;100006;590.900000000;2;9618280536;S
20240216;100006;590.900000000;2;9618280555;S
20240216;100006;590.900000000;4;9618280608;S
20240216;100006;590.950000000;5;9618280651;B
20240216;100006;590.950000000;4;9618280758;B
20240216;100006;590.950000000;3;9618280760;B
20240216;100006;590.950000000;2;9618280761;B
20240216;100006;590.900000000;2;9618280762;S
20240216;100006;590.900000000;2;9618280763;S
20240216;100006;590.950000000;100;9618280765;B
20240216;100006;590.900000000;2;9618280766;S
20240216;100006;590.950000000;1;9618280767;B
20240216;100006;590.950000000;1;9618280769;B
20240216;100006;590.950000000;1;9618280770;B
20240216;100006;590.900000000;25;9618280771;S
20240216;100006;590.950000000;1;9618280947;B
20240216;100006;590.950000000;2;9618280949;B
20240216;100006;590.950000000;20;9618280952;B
20240216;100006;591.000000000;1;9618280953;B
20240216;100006;590.950000000;1;9618280956;B
20240216;100006;590.900000000;1;9618280957;S
20240216;100006;590.900000000;1;9618280958;S
20240216;100006;590.900000000;2;9618280960;S
20240216;100006;590.950000000;2;9618280962;B
20240216;100006;590.950000000;50;9618280964;B
20240216;100006;590.900000000;1;9618280965;S
20240216;100006;591.000000000;1;9618280975;B
20240216;100006;590.900000000;2;9618280976;S
20240216;100006;590.900000000;2;9618281031;S
20240216;100006;591.000000000;1;9618281032;B
20240216;100006;590.900000000;2;9618281033;S
20240216;100006;590.900000000;1;9618281035;S
20240216;100006;591.000000000;1;9618281036;B
20240216;100006;591.000000000;1;9618281037;B
20240216;100006;591.000000000;3;9618281038;B
20240216;100006;591.000000000;1;9618281040;B
20240216;100007;590.950000000;423;9618281444;B
20240216;100007;590.950000000;1;9618281445;B
20240216;100007;590.950000000;2;9618281519;S
20240216;100007;590.950000000;2;9618281520;S
20240216;100007;591.000000000;9;9618281522;B
20240216;100007;591.000000000;1;9618281523;B
20240216;100007;591.000000000;1;9618281525;B
20240216;100007;591.000000000;1;9618281526;B
20240216;100007;591.000000000;17;9618281527;B
20240216;100007;590.950000000;1;9618281530;S
20240216;100007;590.950000000;2;9618281531;S
20240216;100007;591.000000000;1;9618281532;B
20240216;100007;590.950000000;2;9618281533;S
20240216;100007;591.000000000;1;9618281534;B
20240216;100007;591.000000000;1;9618281535;B
20240216;100007;591.000000000;2;9618281537;B
20240216;100007;591.000000000;2;9618281538;B
20240216;100007;590.950000000;2;9618281552;S
20240216;100007;590.950000000;2;9618281554;S
20240216;100007;590.950000000;2;9618281555;S
20240216;100007;590.950000000;2;9618281565;S
20240216;100007;590.950000000;1;9618281566;S
20240216;100007;590.950000000;1;9618281579;S
20240216;100007;591.000000000;1;9618281580;B
20240216;100007;591.000000000;2;9618281584;B
20240216;100007;591.000000000;1;9618281585;B
20240216;100007;591.000000000;1;9618281598;B
20240216;100007;591.000000000;2;9618281599;B
20240216;100007;591.000000000;1;9618281929;B
20240216;100007;591.000000000;1;9618281930;B
20240216;100007;591.000000000;1;9618281931;B
20240216;100007;591.000000000;2;9618281933;B
20240216;100007;591.000000000;2;9618281934;B
20240216;100007;590.950000000;2;9618281935;S
20240216;100007;590.950000000;11;9618281937;S
20240216;100007;591.000000000;2;9618281938;B
20240216;100007;590.950000000;1;9618281939;S
20240216;100007;591.000000000;1;9618281940;B
20240216;100007;591.000000000;10;9618281941;B
20240216;100007;590.950000000;2;9618281942;S
20240216;100007;591.000000000;2;9618281943;B
20240216;100007;590.950000000;1;9618281944;S
20240216;100007;591.000000000;1;9618281945;B
20240216;100007;591.000000000;1;9618281946;B
20240216;100007;591.000000000;1;9618281947;B
20240216;100007;591.000000000;1;9618281948;B
20240216;100007;591.000000000;1;9618281949;B
20240216;100007;591.000000000;2;9618281950;B
20240216;100007;591.000000000;1;9618281952;B
20240216;100007;590.950000000;4;9618281954;S
20240216;100007;591.000000000;21;9618281955;B
20240216;100007;590.950000000;2;9618281973;S
20240216;100007;590.950000000;2;9618281974;S
20240216;100007;591.000000000;1;9618281980;B
20240216;100007;590.950000000;2;9618281981;S
20240216;100007;590.950000000;2;9618281982;S
20240216;100007;590.950000000;2;9618281991;S
20240216;100007;591.000000000;2;9618281992;B
20240216;100007;590.950000000;2;9618281994;S
20240216;100007;591.000000000;1;9618281997;B
20240216;100007;591.000000000;300;9618282032;B
20240216;100008;591.000000000;2;9618282210;B
20240216;100008;591.000000000;2;9618282211;B
20240216;100008;591.000000000;1;9618282212;B
20240216;100008;590.950000000;2;9618282213;S
20240216;100008;590.950000000;1;9618282214;S
20240216;100008;590.950000000;2;9618282552;S
20240216;100008;591.000000000;1;9618282554;B
20240216;100008;591.000000000;1;9618282555;B
20240216;100008;590.950000000;2;9618282556;S
20240216;100008;591.000000000;1;9618282557;B
20240216;100008;590.950000000;2;9618282558;S
20240216;100008;591.000000000;1;9618282559;B
20240216;100008;590.950000000;2;9618282561;S
20240216;100008;590.950000000;26;9618282562;S
20240216;100008;591.000000000;1;9618282563;B
20240216;100008;591.000000000;2;9618282564;B
20240216;100009;590.950000000;7;9618282600;S
20240216;100009;591.000000000;184;9618282655;B
20240216;100009;591.000000000;99;9618282693;B
20240216;100010;591.000000000;102;9618283046;B
20240216;100010;591.000000000;8;9618283083;B
20240216;100010;590.950000000;1;9618283100;S
20240216;100010;590.950000000;50;9618283107;S
20240216;100010;591.000000000;49;9618283259;B
20240216;100011;591.000000000;8;9618283368;B
20240216;100011;591.000000000;44;9618283377;B
20240216;100011;591.000000000;38;9618283531;B
20240216;100011;590.950000000;28;9618283582;S
20240216;100011;590.950000000;72;9618283583;S
20240216;100011;591.000000000;20;9618283585;B
20240216;100011;591.000000000;22;9618283687;B
20240216;100011;591.000000000;32;9618283746;B
20240216;100012;591.000000000;71;9618284011;B
20240216;100013;591.000000000;50;9618284207;B
20240216;100013;591.000000000;45;9618284309;B
20240216;100013;590.950000000;50;9618284371;S
20240216;100017;591.000000000;138;9618285079;B
20240216;100017;590.950000000;1;9618285205;S
20240216;100019;591.000000000;50;9618285494;B
20240216;100019;590.950000000;9;9618285583;S
20240216;100020;590.950000000;11;9618285722;S
20240216;100020;590.950000000;4;9618285780;S
20240216;100020;590.950000000;50;9618285820;S
20240216;100021;591.000000000;9;9618285929;B
20240216;100022;590.950000000;3;9618286125;S
20240216;100023;591.000000000;14;9618286263;B
20240216;100025;591.000000000;2;9618286583;B
20240216;100025;590.950000000;3;9618286591;S
20240216;100026;590.950000000;1;9618286671;S
20240216;100026;591.000000000;30;9618286904;B
20240216;100027;590.950000000;3;9618287006;S
20240216;100027;590.950000000;6;9618287115;S
20240216;100027;590.950000000;250;9618287157;S
20240216;100030;591.000000000;2;9618287524;B
20240216;100030;591.000000000;1;9618287535;B
20240216;100030;590.950000000;12;9618287551;S
20240216;100031;590.900000000;6;9618287640;S
20240216;100031;590.900000000;28;9618287641;S
20240216;100031;591.000000000;1;9618287660;B
20240216;100031;590.950000000;3;9618287785;B
20240216;100032;590.900000000;1;9618287904;S
20240216;100032;590.900000000;2;9618288038;S
20240216;100034;590.950000000;5;9618288387;B
20240216;100034;590.950000000;1;9618288500;B
20240216;100039;590.950000000;5;9618289444;B
20240216;100039;590.900000000;3;9618289448;S
20240216;100039;590.950000000;3;9618289493;B
20240216;100039;590.950000000;10;9618289545;B
20240216;100040;590.950000000;1;9618289621;B
20240216;100040;590.900000000;2;9618289642;S
20240216;100041;590.900000000;29;9618289830;S
20240216;100043;590.900000000;3;9618290240;S
20240216;100043;590.900000000;26;9618290380;S
20240216;100044;590.900000000;1;9618290500;S
20240216;100045;590.900000000;2;9618290686;S
20240216;100045;590.900000000;48;9618290687;S
20240216;100046;590.950000000;1;9618290799;B
20240216;100046;590.950000000;1;9618290866;B
20240216;100047;590.900000000;4;9618291040;S
20240216;100048;590.950000000;34;9618291311;B
20240216;100049;590.900000000;48;9618291603;S
20240216;100049;590.900000000;100;9618291604;S
20240216;100049;590.900000000;100;9618291605;S
20240216;100049;590.850000000;2;9618291606;S
20240216;100050;590.900000000;1;9618291971;B
20240216;100050;590.850000000;97;9618291992;S
20240216;100050;590.700000000;100;9618291993;B
20240216;100050;590.700000000;100;9618291994;B
20240216;100050;590.700000000;200;9618291995;B
20240216;100050;590.700000000;300;9618291996;B
20240216;100050;590.700000000;203;9618291997;B
20240216;100050;590.700000000;135;9618291998;B
20240216;100050;590.800000000;10;9618292108;S
20240216;100051;590.850000000;2;9618292256;B
20240216;100052;590.850000000;1;9618292346;B
20240216;100052;590.800000000;13;9618292365;S
20240216;100052;590.800000000;3;9618292397;S
20240216;100052;590.800000000;3;9618292411;S
20240216;100053;590.800000000;3;9618292541;S
20240216;100054;590.850000000;1;9618292727;B
20240216;100054;590.800000000;3;9618292738;S
20240216;100054;590.800000000;17;9618292771;S
20240216;100055;590.800000000;48;9618292945;S
20240216;100055;590.800000000;100;9618292946;S
20240216;100055;590.800000000;100;9618292947;S
20240216;100055;590.800000000;100;9618292948;S
20240216;100055;590.800000000;100;9618292949;S
20240216;100055;590.700000000;62;9618292950;S
20240216;100055;590.700000000;400;9618292951;S
20240216;100055;590.700000000;100;9618292952;S
20240216;100055;590.650000000;41;9618292953;S
20240216;100055;590.550000000;100;9618292954;S
20240216;100055;590.350000000;510;9618292955;S
20240216;100055;590.300000000;2873;9618292956;S
20240216;100055;590.350000000;127;9618292958;S
20240216;100056;590.150000000;3;9618293180;S
20240216;100057;590.550000000;3;9618293358;B
20240216;100057;590.150000000;2;9618293372;S
20240216;100057;590.150000000;3;9618293502;S
20240216;100058;590.500000000;1;9618293741;B
20240216;100058;590.150000000;123;9618293804;S
20240216;100058;590.100000000;339;9618293805;S
20240216;100058;590.100000000;8;9618293806;S
20240216;100059;590.500000000;2;9618293948;B
20240216;100059;590.150000000;1;9618294016;S
20240216;100059;590.500000000;3;9618294017;B
20240216;100101;590.500000000;25;9618294282;B
20240216;100103;590.150000000;1;9618294651;S
20240216;100104;590.250000000;300;9618294908;B
20240216;100104;590.250000000;95;9618294909;B
20240216;100105;590.250000000;1;9618295072;B
20240216;100106;590.200000000;4;9618295227;S
20240216;100106;590.250000000;1000;9618295233;B
20240216;100106;590.200000000;3;9618295350;S
20240216;100106;590.250000000;3;9618295357;B
20240216;100108;590.250000000;400;9618295765;B
20240216;100108;590.250000000;1;9618295769;B
20240216;100109;590.250000000;1;9618295976;B
20240216;100110;590.250000000;20;9618296073;B
20240216;100111;590.250000000;1;9618296225;B
20240216;100112;590.200000000;1;9618296412;S
20240216;100113;590.200000000;1;9618296571;S
20240216;100113;590.250000000;10;9618296661;B
20240216;100114;590.200000000;1;9618296704;S
20240216;100114;590.250000000;68;9618296765;B
20240216;100115;590.250000000;2;9618296989;B
20240216;100116;590.200000000;1;9618297015;S
20240216;100116;590.200000000;3;9618297095;S
20240216;100116;590.200000000;2;9618297116;S
20240216;100117;590.200000000;84;9618297235;S
20240216;100117;590.200000000;100;9618297236;S
20240216;100117;590.200000000;100;9618297237;S
20240216;100117;590.200000000;100;9618297238;S
20240216;100117;590.200000000;58;9618297239;S
20240216;100117;590.150000000;135;9618297240;S
20240216;100117;590.100000000;135;9618297241;S
20240216;100117;590.050000000;1;9618297242;S
20240216;100117;590.050000000;135;9618297243;S
20240216;100117;590.000000000;4;9618297244;S
20240216;100117;590.000000000;1;9618297245;S
20240216;100117;590.000000000;2;9618297246;S
20240216;100117;590.000000000;1;9618297247;S
20240216;100117;589.900000000;30;9618297248;S
20240216;100117;589.900000000;114;9618297249;S
20240216;100123;590.250000000;20;9618297878;B
20240216;100129;590.100000000;1;9618298861;S
20240216;100129;590.100000000;1;9618298880;S
20240216;100130;590.250000000;2;9618298925;B
20240216;100131;590.250000000;1;9618299070;B
20240216;100132;590.100000000;18;9618299174;S
20240216;100132;590.100000000;1;9618299315;S
20240216;100133;590.150000000;2;9618299445;S
20240216;100134;590.150000000;10;9618299652;S
20240216;100135;590.250000000;2;9618299811;B
20240216;100135;590.250000000;1;9618299842;B
20240216;100136;590.200000000;1;9618299926;S
20240216;100137;590.250000000;3;9618300025;B
20240216;100138;590.200000000;4;9618300140;S
20240216;100139;590.250000000;17;9618300440;B
20240216;100139;590.200000000;2;9618300471;S
20240216;100143;590.250000000;2;9618301240;B
20240216;100143;590.250000000;2;9618301246;B
20240216;100144;590.200000000;1;9618301393;S
20240216;100146;590.200000000;3;9618301783;S
20240216;100147;590.250000000;48;9618301814;B
20240216;100147;590.250000000;40;9618301815;B
20240216;100147;590.250000000;1;9618301816;B
20240216;100147;590.250000000;411;9618301817;B
20240216;100148;590.250000000;200;9618301996;B
20240216;100149;590.200000000;3;9618302250;S
20240216;100151;590.250000000;10;9618302772;B
20240216;100152;590.250000000;187;9618302810;B
20240216;100152;590.250000000;3;9618302811;B
20240216;100152;590.300000000;135;9618302812;B
20240216;100152;590.350000000;1;9618302813;B
20240216;100152;590.350000000;135;9618302814;B
20240216;100152;590.400000000;135;9618302815;B
20240216;100152;590.500000000;20;9618302816;B
20240216;100152;590.500000000;20;9618302817;B
20240216;100152;590.500000000;14;9618302818;B
20240216;100153;590.550000000;70;9618302966;B
20240216;100153;590.500000000;100;9618303006;S
20240216;100153;590.500000000;100;9618303007;S
20240216;100153;590.500000000;36;9618303008;S
20240216;100157;590.400000000;1;9618303538;B
20240216;100157;590.250000000;1;9618303546;S
20240216;100157;590.400000000;15;9618303587;B
20240216;100201;590.400000000;20;9618304098;B
20240216;100202;590.400000000;17;9618304258;B
20240216;100205;590.400000000;3;9618304756;B
20240216;100206;590.250000000;1;9618304881;S
20240216;100207;590.400000000;44;9618304994;B
20240216;100207;590.400000000;1;9618304995;B
20240216;100207;590.400000000;1;9618305007;S
20240216;100208;590.450000000;50;9618305079;B
20240216;100208;590.450000000;135;9618305080;B
20240216;100208;590.450000000;56;9618305081;B
20240216;100208;590.500000000;4;9618305082;B
20240216;100208;590.500000000;116;9618305083;B
20240216;100209;590.400000000;3;9618305220;S
20240216;100210;590.550000000;1;9618305354;B
20240216;100211;590.500000000;4;9618305415;S
20240216;100211;590.500000000;1;9618305441;B
20240216;100214;590.500000000;2;9618305887;B
20240216;100214;590.450000000;3;9618305920;S
20240216;100215;590.500000000;15;9618306125;B
20240216;100215;590.500000000;3;9618306191;B
20240216;100217;590.450000000;1;9618306385;S
20240216;100217;590.400000000;5;9618306386;S
20240216;100217;590.500000000;4;9618306464;B
20240216;100217;590.500000000;10;9618306494;B
20240216;100218;590.500000000;317;9618306534;B
20240216;100218;590.500000000;183;9618306535;B
20240216;100220;590.500000000;165;9618307113;B
20240216;100220;590.550000000;1528;9618307114;B
20240216;100220;590.500000000;2;9618307118;B
20240216;100221;590.400000000;42;9618307221;S
20240216;100221;590.500000000;55;9618307262;B
20240216;100223;590.500000000;10;9618307456;B
20240216;100225;590.450000000;85;9618307675;S
20240216;100225;590.400000000;904;9618307676;S
20240216;100225;590.400000000;11;9618307677;S
20240216;100225;590.500000000;2;9618307694;B
20240216;100225;590.500000000;1;9618307740;B
20240216;100225;590.500000000;82;9618307782;B
20240216;100225;590.500000000;118;9618307783;B
20240216;100226;590.400000000;2;9618307949;S
20240216;100227;590.450000000;5;9618307989;B
20240216;100228;590.400000000;1;9618308107;S
20240216;100228;590.500000000;1;9618308154;B
20240216;100228;590.400000000;1;9618308155;S
20240216;100228;590.300000000;1;9618308156;S
20240216;100230;590.400000000;2;9618308466;B
20240216;100230;590.250000000;2;9618308503;S
20240216;100231;590.250000000;5;9618308647;S
20240216;100231;590.400000000;3;9618308714;B
20240216;100232;590.250000000;35;9618308795;S
20240216;100232;590.200000000;45;9618308796;S
20240216;100232;590.400000000;1;9618308844;B
20240216;100234;590.400000000;1;9618308974;B
20240216;100234;590.200000000;2;9618308993;S
20240216;100235;590.400000000;2;9618309124;B
20240216;100236;590.200000000;1;9618309241;S
20240216;100240;590.200000000;108;9618309826;S
20240216;100240;590.200000000;13;9618309827;S
20240216;100240;590.200000000;3;9618309828;S
20240216;100240;590.200000000;76;9618309829;S
20240216;100242;590.100000000;1;9618310050;S
20240216;100242;590.100000000;3;9618310051;S
20240216;100242;590.100000000;150;9618310052;S
20240216;100242;590.050000000;60;9618310053;S
20240216;100245;590.150000000;1;9618310436;B
20240216;100246;590.150000000;1;9618310591;B
20240216;100246;590.150000000;1;9618310608;B
20240216;100247;590.000000000;3;9618310685;S
20240216;100247;590.000000000;5;9618310686;S
20240216;100247;590.000000000;135;9618310687;S
20240216;100247;590.000000000;1;9618310688;S
20240216;100247;589.950000000;135;9618310689;S
20240216;100247;589.950000000;150;9618310690;S
20240216;100247;589.900000000;135;9618310691;S
20240216;100247;589.850000000;200;9618310692;S
20240216;100247;589.850000000;12;9618310693;S
20240216;100247;589.850000000;423;9618310694;S
20240216;100247;589.800000000;1;9618310695;S
20240216;100247;589.800000000;100;9618310696;S
20240216;100247;589.750000000;1;9618310697;S
20240216;100247;589.750000000;5;9618310698;S
20240216;100247;589.750000000;48;9618310699;S
20240216;100247;589.700000000;339;9618310700;S
20240216;100251;590.000000000;1;9618311204;S
20240216;100251;589.950000000;60;9618311205;S
20240216;100254;589.850000000;3;9618311485;S
20240216;100254;590.000000000;1;9618311553;B
20240216;100255;590.000000000;2;9618311647;B
20240216;100255;590.100000000;3;9618311649;B
20240216;100257;589.900000000;1;9618312001;S
20240216;100257;590.050000000;1;9618312062;B
20240216;100259;590.050000000;2;9618312250;B
20240216;100300;590.050000000;14;9618312386;B
20240216;100301;590.050000000;1;9618312528;B
20240216;100303;590.050000000;1;9618312805;B
20240216;100306;589.900000000;1;9618313402;S
20240216;100307;590.050000000;3;9618313565;B
20240216;100310;590.000000000;30;9618313991;S
20240216;100310;590.050000000;1;9618313992;B
20240216;100310;590.050000000;46;9618314033;B
20240216;100313;590.200000000;1;9618314455;B
20240216;100313;590.200000000;1;9618314456;B
20240216;100313;590.200000000;1;9618314586;B
20240216;100316;590.200000000;1;9618314983;B
20240216;100317;590.150000000;3;9618315203;S
20240216;100317;590.200000000;4;9618315283;B
20240216;100318;590.200000000;1;9618315447;B
20240216;100319;590.200000000;100;9618315564;B
20240216;100319;590.200000000;2;9618315589;B
20240216;100320;590.200000000;3;9618315688;B
20240216;100320;590.200000000;2;9618315721;B
20240216;100323;590.100000000;4;9618316207;S
20240216;100323;590.200000000;45;9618316232;B
20240216;100324;590.100000000;1;9618316333;S
20240216;100324;590.100000000;3;9618316361;S
20240216;100324;590.200000000;3;9618316407;B
20240216;100326;590.100000000;1;9618316629;S
20240216;100328;590.250000000;25;9618316900;B
20240216;100328;590.250000000;10;9618316901;B
20240216;100328;590.100000000;3;9618316920;S
20240216;100329;590.250000000;3;9618316940;B
20240216;100329;590.100000000;80;9618316972;S
20240216;100329;590.250000000;1;9618316987;B
20240216;100331;590.250000000;5;9618317218;B
20240216;100331;590.100000000;9;9618317274;S
20240216;100332;590.100000000;9;9618317322;S
20240216;100332;590.050000000;1;9618317323;S
20240216;100334;590.200000000;5;9618317603;B
20240216;100335;590.200000000;1;9618317659;B
20240216;100336;590.200000000;4;9618317762;B
20240216;100336;590.200000000;1;9618317777;S
20240216;100337;590.200000000;7;9618317859;S
20240216;100337;590.150000000;108;9618317860;S
20240216;100337;590.150000000;10;9618317901;B
20240216;100338;590.150000000;3;9618318098;B
20240216;100338;590.150000000;1;9618318133;B
20240216;100340;590.050000000;80;9618318399;S
20240216;100341;590.000000000;1;9618318532;S
20240216;100341;590.000000000;39;9618318533;S
20240216;100345;590.150000000;1;9618319197;B
20240216;100346;590.150000000;2;9618319309;B
20240216;100348;590.100000000;2;9618319546;B
20240216;100348;590.000000000;1;9618319566;S
20240216;100349;590.100000000;7;9618319648;B
20240216;100349;590.000000000;3;9618319657;S
20240216;100350;590.100000000;1;9618319870;B
20240216;100353;590.100000000;2;9618320217;B
20240216;100355;590.100000000;2;9618320398;B
20240216;100356;590.000000000;2;9618320522;S
20240216;100356;590.000000000;5;9618320586;S
20240216;100400;590.100000000;4;9618321119;S
20240216;100401;590.150000000;16;9618321252;B
20240216;100403;590.100000000;3;9618321556;S
20240216;100412;590.100000000;20;9618322745;S
20240216;100414;590.150000000;1;9618322996;B
20240216;100414;590.150000000;1;9618323000;B
20240216;100415;590.150000000;1;9618323105;B
20240216;100415;590.100000000;1;9618323107;S
20240216;100418;590.150000000;2;9618323770;B
20240216;100419;590.150000000;2;9618323833;B
20240216;100419;590.100000000;1;9618323910;S
20240216;100420;590.100000000;221;9618324011;S
20240216;100420;590.100000000;340;9618324012;S
20240216;100420;590.100000000;135;9618324013;S
20240216;100420;590.050000000;135;9618324014;S
20240216;100420;590.050000000;91;9618324015;S
20240216;100420;590.000000000;78;9618324016;S
20240216;100420;590.150000000;1;9618324040;B
20240216;100420;590.150000000;3;9618324115;B
20240216;100421;590.050000000;1;9618324155;S
20240216;100421;590.150000000;1;9618324209;B
20240216;100422;590.150000000;2;9618324572;B
20240216;100422;590.050000000;2;9618324604;S
20240216;100423;590.050000000;10;9618324619;S
20240216;100423;590.050000000;1;9618324626;S
20240216;100424;590.050000000;3;9618324776;S
20240216;100424;590.150000000;1;9618324814;B
20240216;100427;590.050000000;1;9618325235;S
20240216;100428;590.050000000;3;9618325498;S
20240216;100430;590.150000000;49;9618325734;B
20240216;100432;590.050000000;2;9618326066;S
20240216;100433;590.050000000;1;9618326182;S
20240216;100435;590.050000000;2;9618326393;S
20240216;100435;590.150000000;3;9618326414;B
20240216;100435;590.150000000;2;9618326509;B
20240216;100436;590.150000000;2;9618326596;B
20240216;100439;590.150000000;1;9618326944;B
20240216;100439;590.050000000;1;9618326981;S
20240216;100441;590.150000000;2;9618327255;B
20240216;100442;590.050000000;3;9618327485;S
20240216;100443;590.150000000;1;9618327562;B
20240216;100443;590.150000000;2;9618327604;B
20240216;100444;590.150000000;1;9618327688;B
20240216;100445;590.050000000;105;9618327823;S
20240216;100445;590.050000000;53;9618327824;S
20240216;100445;590.050000000;87;9618327825;S
20240216;100445;590.000000000;26;9618327826;S
20240216;100449;590.150000000;6;9618328489;B
20240216;100449;590.050000000;1;9618328528;S
20240216;100450;590.150000000;68;9618328598;B
20240216;100450;590.150000000;500;9618328599;B
20240216;100450;590.150000000;20;9618328600;B
20240216;100450;590.150000000;12;9618328601;B
20240216;100451;590.250000000;1;9618328846;B
20240216;100453;590.350000000;4;9618329077;B
20240216;100456;590.200000000;3;9618329741;S
20240216;100458;590.200000000;2;9618329962;S
20240216;100458;590.350000000;2;9618329996;B
20240216;100502;590.350000000;1;9618330688;B
20240216;100505;590.300000000;1;9618331193;S
20240216;100505;590.400000000;2;9618331257;B
20240216;100505;590.450000000;3;9618331258;B
20240216;100507;590.300000000;7;9618331563;S
20240216;100508;590.300000000;1;9618331662;S
20240216;100508;590.450000000;1;9618331868;B
20240216;100509;590.300000000;9;9618331910;S
20240216;100509;590.300000000;1;9618331966;S
20240216;100510;590.400000000;6;9618332178;S
20240216;100513;590.500000000;18;9618332497;B
20240216;100514;590.500000000;1;9618332651;B
20240216;100514;590.400000000;100;9618332909;S
20240216;100514;590.450000000;3;9618333016;B
20240216;100515;590.400000000;4;9618333065;S
20240216;100515;590.400000000;7;9618333142;S
20240216;100516;590.400000000;2;9618333236;S
20240216;100516;590.450000000;2;9618333299;B
20240216;100517;590.400000000;1;9618333334;S
20240216;100517;590.500000000;10;9618333430;B
20240216;100519;590.500000000;10;9618333610;B
20240216;100519;590.500000000;2;9618333611;B
20240216;100520;590.450000000;25;9618333862;S
20240216;100520;590.400000000;10;9618333863;S
20240216;100521;590.500000000;1;9618333932;B
20240216;100521;590.500000000;56;9618333933;B
20240216;100521;590.500000000;3;9618333934;B
20240216;100521;590.500000000;79;9618333935;B
20240216;100521;590.550000000;10;9618333936;B
20240216;100521;590.500000000;1;9618334177;B
20240216;100523;590.550000000;2;9618334327;B
20240216;100524;590.550000000;2;9618334510;B
20240216;100524;590.600000000;3;9618334582;B
20240216;100530;590.450000000;1;9618335364;S
20240216;100533;590.550000000;3;9618335808;B
20240216;100534;590.400000000;2;9618335998;S
20240216;100534;590.550000000;1;9618336073;B
20240216;100535;590.400000000;1;9618336095;S
20240216;100535;590.650000000;1;9618336110;B
20240216;100537;590.550000000;1;9618336440;B
20240216;100538;590.600000000;1;9618336646;B
20240216;100541;590.550000000;1;9618336897;B
20240216;100542;590.400000000;23;9618337003;S
20240216;100544;590.550000000;5;9618337332;B
20240216;100544;590.550000000;2;9618337354;B
20240216;100544;590.500000000;100;9618337378;S
20240216;100544;590.500000000;1;9618337408;S
20240216;100545;590.550000000;36;9618337453;B
20240216;100546;590.500000000;1;9618337598;S
20240216;100546;590.500000000;48;9618337637;S
20240216;100546;590.450000000;52;9618337638;S
20240216;100546;590.550000000;1;9618337701;B
20240216;100548;590.550000000;1;9618337902;S
20240216;100548;590.550000000;198;9618337903;S
20240216;100551;590.600000000;3;9618338332;B
20240216;100553;590.600000000;2;9618338550;B
20240216;100554;590.550000000;2;9618338676;S
20240216;100554;590.550000000;50;9618338677;S
20240216;100554;590.500000000;1;9618338734;B
20240216;100556;590.550000000;1;9618338841;B
20240216;100556;590.450000000;10;9618338886;S
20240216;100557;590.500000000;2;9618339023;S
20240216;100557;590.500000000;1;9618339069;S
20240216;100558;590.550000000;2;9618339162;B
20240216;100559;590.550000000;1;9618339299;B
20240216;100559;590.500000000;3;9618339300;S
20240216;100600;590.500000000;3;9618339469;S
20240216;100600;590.550000000;50;9618339475;B
20240216;100601;590.550000000;60;9618339600;B
20240216;100602;590.550000000;3;9618339655;B
20240216;100602;590.500000000;5;9618339729;S
20240216;100603;590.550000000;3;9618339859;B
20240216;100604;590.550000000;2;9618339889;B
20240216;100604;590.550000000;3;9618339941;S
20240216;100604;590.550000000;35;9618339968;S
20240216;100609;590.600000000;1;9618340662;B
20240216;100609;590.600000000;1;9618340663;B
20240216;100611;590.600000000;70;9618340988;B
20240216;100611;590.600000000;80;9618340989;B
20240216;100611;590.550000000;168;9618340990;S
20240216;100612;590.600000000;2;9618341079;B
20240216;100613;590.550000000;1;9618341359;S
20240216;100614;590.550000000;10;9618341528;S
20240216;100615;590.600000000;50;9618341713;B
20240216;100616;590.550000000;18;9618341736;S
20240216;100616;590.600000000;5;9618341812;B
20240216;100616;590.600000000;1;9618341865;B
20240216;100621;590.600000000;1;9618342587;S
20240216;100622;590.600000000;1;9618342683;S
20240216;100622;590.550000000;20;9618342684;S
20240216;100622;590.650000000;2;9618342706;B
20240216;100623;590.650000000;1;9618342871;B
20240216;100625;590.550000000;43;9618343079;S
20240216;100625;590.550000000;1;9618343080;S
20240216;100625;590.550000000;5;9618343081;S
20240216;100625;590.550000000;201;9618343082;S
20240216;100627;590.650000000;25;9618343514;B
20240216;100628;590.600000000;1;9618343584;S
20240216;100629;590.700000000;1;9618343790;B
20240216;100631;590.650000000;26;9618344264;B
20240216;100631;590.550000000;3;9618344276;S
20240216;100631;590.650000000;1;9618344324;B
20240216;100632;590.550000000;7;9618344534;S
20240216;100634;590.600000000;68;9618344752;B
20240216;100634;590.600000000;62;9618344753;B
20240216;100634;590.650000000;1;9618344754;B
20240216;100634;590.650000000;119;9618344755;B
20240216;100634;590.650000000;1;9618344800;B
20240216;100636;590.650000000;5;9618344992;B
20240216;100636;590.650000000;34;9618345005;B
20240216;100636;590.650000000;3;9618345036;B
20240216;100637;590.550000000;13;9618345210;S
20240216;100640;590.600000000;68;9618345578;B
20240216;100640;590.600000000;18;9618345579;B
20240216;100641;590.550000000;16;9618345950;S
20240216;100642;590.600000000;1;9618346293;B
20240216;100643;590.550000000;1;9618346536;S
20240216;100644;590.600000000;1;9618346630;B
20240216;100644;590.650000000;9;9618346631;B
20240216;100644;590.550000000;1;9618346633;S
20240216;100646;590.650000000;9;9618347065;B
20240216;100647;590.550000000;5;9618347397;S
20240216;100650;590.550000000;3;9618347862;S
20240216;100651;590.550000000;16;9618348013;S
20240216;100654;590.650000000;5;9618348344;B
20240216;100654;590.650000000;8;9618348358;B
20240216;100654;590.700000000;1;9618348359;B
20240216;100654;590.650000000;5;9618348430;B
20240216;100655;590.550000000;3;9618348540;S
20240216;100658;590.550000000;1;9618348836;S
20240216;100659;590.650000000;3;9618348895;B
20240216;100700;590.650000000;8;9618349225;B
20240216;100700;590.650000000;4;9618349265;S
20240216;100701;590.550000000;384;9618349430;S
20240216;100701;590.550000000;10;9618349431;S
20240216;100701;590.550000000;1;9618349432;S
20240216;100701;590.550000000;2;9618349433;S
20240216;100701;590.550000000;66;9618349434;S
20240216;100701;590.500000000;11;9618349435;S
20240216;100701;590.500000000;8;9618349436;S
20240216;100701;590.500000000;2;9618349437;S
20240216;100701;590.500000000;56;9618349438;S
20240216;100701;590.500000000;10;9618349439;S
20240216;100701;590.500000000;1;9618349440;S
20240216;100701;590.500000000;50;9618349441;S
20240216;100701;590.500000000;5;9618349442;S
20240216;100701;590.450000000;1;9618349443;S
20240216;100701;590.450000000;64;9618349444;S
20240216;100701;590.450000000;300;9618349445;S
20240216;100701;590.450000000;10;9618349446;S
20240216;100701;590.400000000;4;9618349447;S
20240216;100701;590.400000000;5;9618349448;S
20240216;100701;590.400000000;2;9618349449;S
20240216;100701;590.300000000;8;9618349450;S
20240216;100704;590.400000000;7;9618349893;S
20240216;100704;590.400000000;12;9618349894;S
20240216;100705;590.550000000;2;9618350024;B
20240216;100706;590.400000000;1;9618350103;S
20240216;100707;590.400000000;1;9618350158;S
20240216;100708;590.500000000;2;9618350263;S
20240216;100708;590.550000000;50;9618350265;B
20240216;100708;590.550000000;2;9618350266;B
20240216;100710;590.500000000;7;9618350533;S
20240216;100710;590.550000000;40;9618350577;B
20240216;100710;590.500000000;1;9618350592;S
20240216;100710;590.400000000;6;9618350593;S
20240216;100710;590.350000000;5;9618350594;S
20240216;100714;590.400000000;1;9618351079;S
20240216;100714;590.550000000;1;9618351107;B
20240216;100715;590.550000000;1;9618351276;B
20240216;100715;590.400000000;5;9618351288;S
20240216;100716;590.400000000;4;9618351393;S
20240216;100716;590.350000000;3;9618351394;S
20240216;100717;590.550000000;1;9618351424;B
20240216;100717;590.550000000;3;9618351486;B
20240216;100717;590.550000000;8;9618351487;B
20240216;100717;590.600000000;135;9618351488;B
20240216;100717;590.600000000;56;9618351489;B
20240216;100717;590.600000000;63;9618351490;B
20240216;100717;590.650000000;1;9618351491;B
20240216;100717;590.650000000;84;9618351492;B
20240216;100718;590.400000000;2;9618351544;S
20240216;100719;590.400000000;5;9618351852;S
20240216;100720;590.600000000;1;9618351899;B
20240216;100721;590.550000000;2;9618352089;S
20240216;100721;590.400000000;1;9618352090;S
20240216;100723;590.600000000;2;9618352423;B
20240216;100725;590.550000000;1;9618352655;B
20240216;100726;590.400000000;4;9618352735;S
20240216;100726;590.550000000;7;9618352763;B
20240216;100727;590.550000000;2;9618352910;B
20240216;100728;590.550000000;4;9618352960;B
20240216;100728;590.550000000;2;9618352984;B
20240216;100728;590.400000000;1;9618353133;S
20240216;100729;590.400000000;1;9618353224;S
20240216;100729;590.400000000;42;9618353316;S
20240216;100729;590.400000000;2;9618353317;S
20240216;100729;590.400000000;300;9618353318;S
20240216;100729;590.350000000;62;9618353319;S
20240216;100729;590.250000000;200;9618353320;S
20240216;100729;590.250000000;30;9618353321;S
20240216;100729;590.200000000;3;9618353322;S
20240216;100729;590.150000000;361;9618353323;S
20240216;100729;590.450000000;2;9618353331;B
20240216;100732;590.400000000;3;9618353657;B
20240216;100732;590.400000000;61;9618353658;B
20240216;100732;590.450000000;54;9618353659;B
20240216;100732;590.500000000;95;9618353660;B
20240216;100733;590.300000000;2;9618353914;S
20240216;100733;590.300000000;3;9618353915;S
20240216;100734;590.450000000;1;9618354085;B
20240216;100734;590.500000000;1;9618354086;B
20240216;100734;590.500000000;15;9618354093;B
20240216;100737;590.350000000;3;9618354560;S
20240216;100739;590.350000000;3;9618354830;S
20240216;100740;590.350000000;2;9618354901;S
20240216;100741;590.550000000;1;9618355138;B
20240216;100741;590.400000000;6;9618355152;S
20240216;100743;590.550000000;1;9618355516;B
20240216;100743;590.550000000;4;9618355608;B
20240216;100744;590.500000000;2;9618355702;S
20240216;100744;590.550000000;2;9618355723;B
20240216;100746;590.550000000;3;9618355946;B
20240216;100746;590.600000000;2;9618355947;B
20240216;100747;590.500000000;4;9618356058;S
20240216;100748;590.500000000;25;9618356195;S
20240216;100753;590.550000000;1;9618356806;B
20240216;100753;590.450000000;2;9618356807;S
20240216;100755;590.550000000;2;9618357033;B
20240216;100755;590.600000000;18;9618357034;B
20240216;100756;590.600000000;7;9618357216;B
20240216;100756;590.600000000;2;9618357217;B
20240216;100756;590.650000000;43;9618357218;B
20240216;100759;590.400000000;4;9618357478;S
20240216;100800;590.450000000;25;9618357592;B
20240216;100803;590.400000000;50;9618358081;S
20240216;100803;590.400000000;3;9618358082;S
20240216;100803;590.400000000;57;9618358083;S
20240216;100803;590.400000000;510;9618358084;S
20240216;100803;590.350000000;792;9618358085;S
20240216;100803;590.350000000;150;9618358086;S
20240216;100803;590.350000000;300;9618358087;B
20240216;100806;590.300000000;100;9618358424;S
20240216;100806;590.250000000;1;9618358437;S
20240216;100806;590.200000000;67;9618358438;S
20240216;100806;590.150000000;12;9618358439;S
20240216;100807;590.150000000;27;9618358525;S
20240216;100807;590.150000000;15;9618358526;S
20240216;100807;590.150000000;135;9618358527;S
20240216;100807;590.150000000;2;9618358528;S
20240216;100807;590.100000000;5;9618358529;S
20240216;100807;590.100000000;35;9618358530;S
20240216;100807;590.100000000;135;9618358531;S
20240216;100807;590.100000000;69;9618358532;S
20240216;100807;590.100000000;150;9618358533;S
20240216;100807;590.050000000;6;9618358534;S
20240216;100807;590.050000000;1;9618358535;S
20240216;100807;590.050000000;2;9618358536;S
20240216;100807;590.050000000;135;9618358537;S
20240216;100807;590.050000000;393;9618358538;S
20240216;100808;590.150000000;3;9618358725;B
20240216;100810;590.000000000;2;9618358910;S
20240216;100811;590.150000000;1;9618359095;B
20240216;100811;590.000000000;2;9618359117;S
20240216;100811;590.000000000;20;9618359138;S
20240216;100811;590.000000000;22;9618359141;S
20240216;100811;590.000000000;1;9618359142;S
20240216;100811;590.000000000;1;9618359143;S
20240216;100811;590.000000000;1;9618359144;S
20240216;100811;590.000000000;1;9618359145;S
20240216;100811;590.000000000;3;9618359146;S
20240216;100811;590.000000000;3;9618359147;S
20240216;100811;590.000000000;1;9618359148;S
20240216;100811;590.000000000;50;9618359149;S
20240216;100811;590.000000000;17;9618359150;S
20240216;100811;590.000000000;5;9618359151;S
20240216;100811;590.000000000;1;9618359152;S
20240216;100811;590.000000000;2;9618359153;S
20240216;100811;590.000000000;2;9618359154;S
20240216;100811;590.000000000;50;9618359155;S
20240216;100811;590.000000000;10;9618359156;S
20240216;100812;590.000000000;8;9618359231;S
20240216;100813;590.050000000;1;9618359324;B
20240216;100814;589.950000000;1;9618359477;S
20240216;100816;589.950000000;2;9618359688;S
20240216;100817;590.050000000;1;9618359870;B
20240216;100818;590.100000000;5;9618359916;B
20240216;100819;590.050000000;20;9618360228;B
20240216;100820;590.100000000;2;9618360428;B
20240216;100821;589.950000000;4;9618360453;S
20240216;100821;589.950000000;3;9618360480;S
20240216;100822;589.950000000;16;9618360665;S
20240216;100822;589.950000000;25;9618360666;S
20240216;100822;589.950000000;25;9618360667;S
20240216;100822;589.950000000;16;9618360668;S
20240216;100822;589.900000000;1;9618360669;S
20240216;100822;589.900000000;6;9618360670;S
20240216;100822;589.850000000;3;9618360671;S
20240216;100822;589.800000000;20;9618360672;S
20240216;100822;589.800000000;3;9618360673;S
20240216;100822;589.800000000;2;9618360674;S
20240216;100822;589.750000000;70;9618360675;S
20240216;100822;589.700000000;150;9618360676;S
20240216;100822;589.700000000;423;9618360677;S
20240216;100822;589.650000000;2;9618360678;S
20240216;100822;589.650000000;135;9618360679;S
20240216;100822;589.650000000;200;9618360680;S
20240216;100822;589.650000000;3;9618360681;S
20240216;100822;589.950000000;1;9618360706;B
20240216;100823;589.950000000;2;9618360855;B
20240216;100824;589.950000000;1;9618360864;B
20240216;100824;589.800000000;6;9618360958;B
20240216;100825;589.800000000;1;9618361019;B
20240216;100825;589.800000000;9;9618361069;B
20240216;100826;589.750000000;1;9618361153;S
20240216;100826;589.650000000;9;9618361154;S
20240216;100827;589.650000000;1;9618361182;B
20240216;100827;589.650000000;10;9618361236;B
20240216;100827;589.650000000;1;9618361252;B
20240216;100828;589.650000000;1;9618361273;B
20240216;100829;589.650000000;1;9618361558;B
20240216;100830;589.600000000;3;9618361578;S
20240216;100831;589.600000000;35;9618361712;S
20240216;100831;589.650000000;1;9618361716;B
20240216;100832;589.600000000;12;9618362028;S
20240216;100832;589.600000000;3;9618362029;S
20240216;100832;589.600000000;1;9618362030;S
20240216;100832;589.600000000;80;9618362031;S
20240216;100832;589.600000000;4;9618362032;S
20240216;100833;589.550000000;1;9618362130;S
20240216;100833;589.550000000;1;9618362131;S
20240216;100833;589.550000000;29;9618362132;S
20240216;100833;589.500000000;1;9618362133;S
20240216;100833;589.500000000;1;9618362134;S
20240216;100833;589.500000000;2;9618362135;S
20240216;100833;589.500000000;128;9618362136;S
20240216;100834;589.500000000;1;9618362194;B
20240216;100834;589.450000000;1;9618362195;S
20240216;100834;589.450000000;1;9618362196;S
20240216;100834;589.450000000;10;9618362197;S
20240216;100834;589.400000000;13;9618362198;S
20240216;100834;589.450000000;16;9618362218;B
20240216;100834;589.450000000;1;9618362262;B
20240216;100834;589.400000000;411;9618362265;S
20240216;100834;589.400000000;1;9618362266;S
20240216;100834;589.350000000;3;9618362267;S
20240216;100834;589.350000000;20;9618362268;S
20240216;100834;589.300000000;69;9618362269;S
20240216;100834;589.250000000;5;9618362270;S
20240216;100834;589.250000000;2;9618362271;S
20240216;100834;589.250000000;5;9618362272;S
20240216;100834;589.200000000;14;9618362273;S
20240216;100834;589.200000000;1;9618362274;S
20240216;100834;589.200000000;1;9618362275;S
20240216;100834;589.200000000;2;9618362276;S
20240216;100834;589.200000000;135;9618362277;S
20240216;100834;589.200000000;331;9618362278;S
20240216;100834;589.400000000;1;9618362306;B
20240216;100835;589.400000000;1;9618362361;B
20240216;100835;589.200000000;1;9618362412;S
20240216;100837;589.350000000;1;9618362654;S
20240216;100838;589.450000000;3;9618362888;B
20240216;100839;589.400000000;26;9618362913;B
20240216;100839;589.400000000;53;9618362914;B
20240216;100839;589.400000000;21;9618362915;B
20240216;100839;589.350000000;67;9618362979;S
20240216;100839;589.350000000;135;9618362980;S
20240216;100839;589.300000000;135;9618362981;S
20240216;100839;589.300000000;424;9618362982;S
20240216;100839;589.300000000;2;9618362983;S
20240216;100839;589.250000000;135;9618362984;S
20240216;100839;589.150000000;1;9618362985;S
20240216;100839;589.150000000;100;9618362986;S
20240216;100839;589.150000000;4;9618362987;S
20240216;100839;589.150000000;5;9618362988;S
20240216;100839;589.150000000;3;9618362989;S
20240216;100839;589.150000000;4;9618362990;S
20240216;100839;589.150000000;51;9618362991;S
20240216;100839;589.150000000;8;9618362992;S
20240216;100839;589.150000000;3;9618362993;S
20240216;100839;589.150000000;1;9618362994;S
20240216;100839;589.150000000;1;9618362995;S
20240216;100839;589.150000000;1;9618362996;S
20240216;100839;589.150000000;1;9618362997;S
20240216;100839;589.150000000;3;9618362998;S
20240216;100839;589.150000000;1;9618362999;S
20240216;100839;589.150000000;45;9618363000;S
20240216;100839;589.150000000;2;9618363001;S
20240216;100839;589.150000000;3;9618363002;S
20240216;100839;589.150000000;2;9618363003;S
20240216;100839;589.150000000;2;9618363004;S
20240216;100839;589.150000000;1;9618363005;S
20240216;100839;589.150000000;1;9618363006;S
20240216;100839;589.150000000;1;9618363007;S
20240216;100839;589.150000000;1;9618363008;S
20240216;100839;589.150000000;3;9618363009;S
20240216;100839;589.150000000;1;9618363010;S
20240216;100839;589.150000000;5;9618363011;S
20240216;100839;589.150000000;28;9618363012;S
20240216;100839;589.150000000;1;9618363013;S
20240216;100839;589.150000000;6;9618363014;S
20240216;100839;589.150000000;278;9618363015;S
20240216;100839;589.150000000;2;9618363016;S
20240216;100839;589.150000000;1;9618363017;S
20240216;100839;589.150000000;1;9618363018;S
20240216;100839;589.150000000;1;9618363019;S
20240216;100839;589.150000000;5;9618363020;S
20240216;100839;589.150000000;11;9618363021;S
20240216;100839;589.150000000;1;9618363022;S
20240216;100839;589.150000000;1;9618363023;S
20240216;100839;589.150000000;2;9618363024;S
20240216;100839;589.150000000;1;9618363025;S
20240216;100839;589.150000000;15;9618363026;S
20240216;100839;589.150000000;1;9618363027;S
20240216;100839;589.150000000;8;9618363028;S
20240216;100839;589.150000000;2;9618363029;S
20240216;100839;589.150000000;2;9618363030;S
20240216;100839;589.150000000;2;9618363031;S
20240216;100839;589.150000000;75;9618363032;S
20240216;100839;589.150000000;1;9618363033;S
20240216;100839;589.150000000;1;9618363034;S
20240216;100839;589.150000000;8;9618363035;S
20240216;100839;589.150000000;1;9618363036;S
20240216;100839;589.150000000;3;9618363037;S
20240216;100839;589.150000000;150;9618363038;S
20240216;100839;589.100000000;8;9618363039;S
20240216;100839;589.100000000;1;9618363040;S
20240216;100839;589.100000000;35;9618363041;S
20240216;100839;589.100000000;8;9618363042;S
20240216;100839;589.100000000;1;9618363043;S
20240216;100839;589.100000000;3;9618363044;S
20240216;100839;589.100000000;3;9618363045;S
20240216;100839;589.100000000;15;9618363046;S
20240216;100839;589.100000000;1;9618363047;S
20240216;100839;589.100000000;329;9618363048;S
20240216;100839;589.050000000;100;9618363049;S
20240216;100839;589.050000000;1;9618363050;S
20240216;100839;589.050000000;1;9618363051;S
20240216;100839;589.050000000;200;9618363052;S
20240216;100839;589.000000000;100;9618363053;S
20240216;100839;589.000000000;1;9618363054;S
20240216;100839;589.000000000;4;9618363055;S
20240216;100839;589.000000000;200;9618363056;S
20240216;100839;589.000000000;2;9618363057;S
20240216;100839;589.000000000;1;9618363058;S
20240216;100839;589.000000000;1;9618363059;S
20240216;100839;589.000000000;1;9618363060;S
20240216;100839;589.000000000;10;9618363061;S
20240216;100839;589.000000000;100;9618363062;S
20240216;100839;589.000000000;1;9618363063;S
20240216;100839;589.000000000;5;9618363064;S
20240216;100839;589.000000000;2;9618363065;S
20240216;100839;589.000000000;9;9618363066;S
20240216;100839;589.000000000;1;9618363067;S
20240216;100839;589.000000000;1;9618363068;S
20240216;100839;589.000000000;1;9618363069;S
20240216;100839;589.000000000;1;9618363070;S
20240216;100839;589.000000000;1;9618363071;S
20240216;100839;589.000000000;1;9618363072;S
20240216;100839;589.000000000;84;9618363073;S
20240216;100839;589.000000000;500;9618363074;S
20240216;100839;589.000000000;5;9618363075;S
20240216;100839;589.000000000;100;9618363076;B
20240216;100839;589.000000000;400;9618363077;B
20240216;100839;589.000000000;200;9618363078;B
20240216;100839;589.000000000;100;9618363080;B
20240216;100839;589.000000000;254;9618363082;B
20240216;100839;589.000000000;19;9618363083;B
20240216;100839;589.000000000;38;9618363084;B
20240216;100839;588.950000000;66;9618363086;S
20240216;100840;589.000000000;7;9618363156;B
20240216;100840;589.000000000;1;9618363160;B
20240216;100840;589.000000000;100;9618363173;B
20240216;100840;589.000000000;1;9618363205;B
20240216;100840;588.950000000;3;9618363210;S
20240216;100840;589.000000000;1;9618363235;B
20240216;100840;589.000000000;150;9618363250;B
20240216;100840;589.000000000;2;9618363278;B
20240216;100841;589.000000000;1;9618363396;B
20240216;100844;589.000000000;50;9618363833;B
20240216;100844;588.950000000;1;9618363931;S
20240216;100845;588.950000000;3;9618364076;S
20240216;100847;589.000000000;10000;9618364350;B
20240216;100847;589.000000000;127;9618364351;B
20240216;100847;589.000000000;89;9618364409;B
20240216;100847;589.000000000;5;9618364410;B
20240216;100847;589.050000000;100;9618364411;B
20240216;100847;589.050000000;1;9618364412;B
20240216;100847;589.400000000;1;9618364458;B
20240216;100848;589.350000000;1;9618364497;S
20240216;100848;589.400000000;10;9618364552;B
20240216;100848;589.400000000;1;9618364556;B
20240216;100848;589.350000000;10;9618364563;S
20240216;100848;589.450000000;10;9618364572;B
20240216;100850;589.600000000;1;9618364751;B
20240216;100852;589.550000000;2;9618364984;S
20240216;100852;589.600000000;5;9618365028;B
20240216;100852;589.550000000;2;9618365069;S
20240216;100855;589.550000000;12;9618365316;S
20240216;100855;589.550000000;2;9618365317;S
20240216;100855;589.500000000;135;9618365318;S
20240216;100855;589.450000000;135;9618365319;S
20240216;100855;589.450000000;78;9618365320;S
20240216;100855;589.400000000;135;9618365321;S
20240216;100855;589.400000000;1;9618365322;S
20240216;100855;589.350000000;2;9618365323;S
20240216;100856;589.400000000;3;9618365535;S
20240216;100856;589.600000000;1;9618365573;B
20240216;100901;589.600000000;49;9618366221;B
20240216;100901;589.650000000;51;9618366222;B
20240216;100903;589.650000000;1;9618366581;B
20240216;100904;589.650000000;6;9618366694;B
20240216;100905;589.650000000;100;9618366857;B
20240216;100905;589.650000000;150;9618366858;B
20240216;100905;589.650000000;37;9618366875;B
20240216;100906;589.650000000;2;9618366972;B
20240216;100906;589.550000000;1;9618366981;S
20240216;100906;589.650000000;5;9618366994;B
20240216;100907;589.650000000;5;9618367004;B
20240216;100908;589.600000000;8;9618367104;S
20240216;100911;589.600000000;124;9618367413;S
20240216;100911;589.650000000;18;9618367423;B
20240216;100911;589.650000000;120;9618367433;S
20240216;100911;589.650000000;12;9618367435;S
20240216;100911;589.600000000;26;9618367436;S
20240216;100911;589.600000000;12;9618367437;S
20240216;100911;589.600000000;20;9618367438;S
20240216;100911;589.600000000;8;9618367439;S
20240216;100911;589.600000000;47;9618367440;S
20240216;100911;589.550000000;75;9618367441;S
20240216;100911;589.500000000;100;9618367442;S
20240216;100911;589.450000000;128;9618367443;S
20240216;100911;589.450000000;20;9618367444;S
20240216;100911;589.450000000;34;9618367445;S
20240216;100912;589.700000000;2;9618367617;B
20240216;100914;589.450000000;2;9618367886;S
20240216;100914;589.450000000;74;9618367887;S
20240216;100914;589.400000000;274;9618367888;S
20240216;100914;589.350000000;135;9618367890;S
20240216;100914;589.350000000;66;9618367891;S
20240216;100914;589.350000000;79;9618367892;S
20240216;100914;589.300000000;5;9618367893;S
20240216;100914;589.250000000;28;9618367894;S
20240216;100914;589.400000000;28;9618367895;S
20240216;100916;589.400000000;63;9618368054;S
20240216;100916;589.400000000;41;9618368055;S
20240216;100916;589.400000000;45;9618368056;S
20240216;100916;589.400000000;58;9618368057;S
20240216;100916;589.400000000;31;9618368058;S
20240216;100916;589.400000000;114;9618368059;S
20240216;100916;589.250000000;107;9618368060;S
20240216;100916;589.250000000;123;9618368061;S
20240216;100916;589.600000000;56;9618368064;B
20240216;100916;589.600000000;44;9618368065;B
20240216;100918;589.550000000;1;9618368218;B
20240216;100919;589.300000000;27;9618368326;S
20240216;100919;589.300000000;29;9618368327;S
20240216;100919;589.250000000;100;9618368328;S
20240216;100919;589.200000000;17;9618368329;S
20240216;100919;589.150000000;20;9618368330;S
20240216;100919;589.200000000;1;9618368331;S
20240216;100919;589.150000000;201;9618368332;S
20240216;100919;589.150000000;19;9618368333;S
20240216;100919;589.150000000;228;9618368334;S
20240216;100919;589.150000000;39;9618368335;S
20240216;100920;589.500000000;1;9618368409;B
20240216;100920;589.550000000;55;9618368410;B
20240216;100920;589.550000000;44;9618368411;B
20240216;100922;589.200000000;55;9618368693;S
20240216;100922;589.200000000;86;9618368694;S
20240216;100922;589.200000000;176;9618368695;S
20240216;100922;589.200000000;100;9618368696;S
20240216;100922;589.200000000;71;9618368697;S
20240216;100922;589.150000000;179;9618368698;S
20240216;100922;589.150000000;31;9618368699;S
20240216;100924;589.250000000;106;9618368950;S
20240216;100924;589.250000000;84;9618368951;S
20240216;100924;589.250000000;72;9618368952;S
20240216;100924;589.250000000;78;9618368953;S
20240216;100924;589.250000000;16;9618368954;S
20240216;100924;589.250000000;66;9618368955;S
20240216;100924;589.250000000;41;9618368956;S
20240216;100924;589.250000000;216;9618368957;S
20240216;100924;589.250000000;38;9618369027;S
20240216;100926;589.250000000;30;9618369163;S
20240216;100926;589.250000000;174;9618369164;S
20240216;100926;589.250000000;96;9618369165;S
20240216;100926;589.200000000;93;9618369166;S
20240216;100926;589.250000000;48;9618369167;S
20240216;100926;589.550000000;56;9618369229;B
20240216;100926;589.550000000;44;9618369230;B
20240216;100927;589.300000000;55;9618369278;S
20240216;100927;589.300000000;1;9618369279;S
20240216;100927;589.250000000;35;9618369280;S
20240216;100927;589.250000000;217;9618369281;S
20240216;100927;589.250000000;27;9618369282;S
20240216;100927;589.200000000;106;9618369283;S
20240216;100927;589.250000000;46;9618369284;S
20240216;100927;589.250000000;29;9618369288;S
20240216;100927;589.250000000;3;9618369289;S
20240216;100927;589.250000000;30;9618369290;S
20240216;100927;589.250000000;58;9618369291;S
20240216;100927;589.250000000;37;9618369292;S
20240216;100927;589.250000000;97;9618369302;S
20240216;100927;589.250000000;3;9618369303;S
20240216;100927;589.250000000;49;9618369357;S
20240216;100927;589.200000000;101;9618369358;S
20240216;100927;589.200000000;135;9618369359;S
20240216;100927;589.200000000;65;9618369360;S
20240216;100927;589.200000000;30;9618369361;S
20240216;100927;589.200000000;18;9618369363;S
20240216;100928;589.200000000;252;9618369495;S
20240216;100928;589.200000000;98;9618369496;S
20240216;100928;589.150000000;31;9618369497;S
20240216;100929;589.200000000;23;9618369547;S
20240216;100929;589.150000000;104;9618369548;S
20240216;100929;589.150000000;223;9618369549;S
20240216;100929;589.150000000;31;9618369550;S
20240216;100929;589.150000000;46;9618369551;S
20240216;100929;589.100000000;17;9618369552;S
20240216;100929;589.100000000;248;9618369553;S
20240216;100932;589.350000000;10;9618369895;B
20240216;100933;589.200000000;10;9618369940;S
20240216;100933;589.100000000;46;9618369941;S
20240216;100933;589.100000000;30;9618369942;S
20240216;100933;589.100000000;270;9618369943;S
20240216;100933;589.100000000;72;9618369944;S
20240216;100933;589.100000000;70;9618369945;S
20240216;100935;589.050000000;5;9618370177;S
20240216;100935;589.050000000;121;9618370178;S
20240216;100935;589.050000000;350;9618370179;S
20240216;100935;589.350000000;35;9618370231;B
20240216;100936;589.100000000;16;9618370271;S
20240216;100936;589.100000000;19;9618370276;S
20240216;100936;589.050000000;135;9618370277;S
20240216;100936;589.050000000;77;9618370278;S
20240216;100936;589.050000000;68;9618370279;S
20240216;100936;589.000000000;1;9618370280;S
20240216;100936;589.000000000;8;9618370281;S
20240216;100936;589.000000000;9;9618370282;S
20240216;100936;589.000000000;33;9618370283;S
20240216;100936;589.050000000;135;9618370288;S
20240216;100936;589.050000000;61;9618370289;S
20240216;100936;589.000000000;154;9618370290;S
20240216;100936;589.000000000;5;9618370300;S
20240216;100936;589.100000000;20;9618370328;S
20240216;100936;589.000000000;5;9618370329;S
20240216;100938;589.000000000;350;9618370527;S
20240216;100938;589.000000000;18;9618370528;S
20240216;100939;589.050000000;30;9618370618;S
20240216;100939;589.050000000;71;9618370619;S
20240216;100939;589.050000000;249;9618370620;S
20240216;100939;589.050000000;14;9618370621;S
20240216;100939;589.050000000;135;9618370625;S
20240216;100939;589.000000000;55;9618370626;S
20240216;100939;589.050000000;19;9618370627;S
20240216;100940;589.050000000;1;9618370766;S
20240216;100941;589.300000000;20;9618370899;B
20240216;100941;589.350000000;21;9618370900;B
20240216;100941;589.400000000;25;9618370901;B
20240216;100941;589.450000000;34;9618370902;B
20240216;100942;589.100000000;70;9618370982;S
20240216;100942;589.100000000;135;9618370983;S
20240216;100942;589.100000000;21;9618370984;S
20240216;100942;589.050000000;115;9618370985;S
20240216;100942;589.050000000;9;9618370986;S
20240216;100942;589.050000000;144;9618370987;S
20240216;100942;589.100000000;65;9618371024;S
20240216;100943;589.250000000;25;9618371132;B
20240216;100943;589.200000000;39;9618371159;B
20240216;100945;589.400000000;2;9618371288;B
20240216;100946;589.400000000;87;9618371364;B
20240216;100946;589.450000000;13;9618371365;B
20240216;100948;589.200000000;3;9618371661;S
20240216;100950;589.450000000;3;9618371838;B
20240216;100951;589.550000000;68;9618371918;B
20240216;100951;589.550000000;32;9618371919;B
20240216;100951;589.550000000;1;9618371926;B
20240216;100952;589.650000000;4;9618372662;B
20240216;100952;589.650000000;1;9618372663;B
20240216;100952;589.700000000;1;9618372664;B
20240216;100952;589.700000000;24;9618372665;B
20240216;100953;589.450000000;3;9618373327;S
20240216;100955;589.550000000;17;9618374006;B
20240216;100957;589.500000000;1;9618374355;S
20240216;100958;589.500000000;20;9618374486;S
20240216;101001;589.500000000;2;9618374847;S
20240216;101001;589.500000000;1;9618374849;S
20240216;101001;589.500000000;3;9618374942;S
20240216;101002;589.500000000;3;9618374950;S
20240216;101004;589.600000000;5;9618375278;B
20240216;101006;589.500000000;18;9618375529;S
20240216;101006;589.450000000;32;9618375530;S
20240216;101008;589.550000000;100;9618375671;B
20240216;101008;589.550000000;100;9618375750;B
20240216;101009;589.450000000;3;9618375775;S
20240216;101009;589.600000000;3;9618375797;B
20240216;101010;589.500000000;7;9618375887;B
20240216;101010;589.600000000;1;9618375888;B
20240216;101011;589.600000000;3;9618376010;B
20240216;101011;589.600000000;1;9618376018;B
20240216;101012;589.650000000;100;9618376075;B
20240216;101013;589.750000000;1;9618376168;B
20240216;101013;589.800000000;56;9618376221;B
20240216;101013;589.850000000;424;9618376222;B
20240216;101013;589.850000000;20;9618376223;S
20240216;101013;589.650000000;56;9618376306;S
20240216;101013;589.600000000;20;9618376309;S
20240216;101013;589.650000000;1;9618376390;B
20240216;101014;589.600000000;25;9618376393;S
20240216;101014;589.600000000;36;9618376394;B
20240216;101015;589.550000000;143;9618376579;S
20240216;101015;589.550000000;139;9618376580;S
20240216;101015;589.850000000;1;9618376617;B
20240216;101016;589.850000000;1;9618376692;B
20240216;101016;589.850000000;2;9618376733;B
20240216;101016;589.700000000;1;9618376815;S
20240216;101016;589.700000000;2;9618376816;S
20240216;101030;589.900000000;1;9618378560;B
20240216;101033;589.700000000;3;9618378999;S
20240216;101033;589.700000000;45;9618379000;S
20240216;101034;589.650000000;2;9618379284;S
20240216;101035;589.900000000;1;9618379303;B
20240216;101035;589.900000000;1;9618379304;B
20240216;101035;589.950000000;2;9618379305;B
20240216;101037;589.700000000;1;9618379597;S
20240216;101037;589.700000000;1;9618379598;S
20240216;101039;589.950000000;54;9618379852;B
20240216;101039;589.950000000;10;9618379853;B
20240216;101039;589.950000000;1;9618379854;B
20240216;101039;589.950000000;35;9618379855;B
20240216;101040;590.000000000;11;9618379991;B
20240216;101041;589.900000000;3;9618380142;S
20240216;101045;589.900000000;1;9618380622;S
20240216;101048;590.000000000;3;9618380833;B
20240216;101048;590.000000000;3;9618380834;B
20240216;101052;589.950000000;2;9618381251;S
20240216;101052;589.900000000;1;9618381252;S
20240216;101054;589.900000000;4;9618381359;S
20240216;101054;589.900000000;3;9618381382;S
20240216;101054;589.900000000;2;9618381390;S
20240216;101055;590.000000000;2;9618381472;B
20240216;101055;590.000000000;1;9618381473;B
20240216;101055;590.000000000;2;9618381474;B
20240216;101055;589.900000000;1;9618381515;S
20240216;101058;589.900000000;1;9618381782;S
20240216;101059;589.900000000;2;9618381872;S
20240216;101059;589.900000000;17;9618381944;S
20240216;101059;589.900000000;2;9618381945;S
20240216;101059;589.900000000;1;9618381946;S
20240216;101059;589.800000000;80;9618381947;S
20240216;101100;590.000000000;1;9618382013;B
20240216;101105;589.800000000;1;9618382544;S
20240216;101105;590.100000000;9;9618382575;B
20240216;101107;590.100000000;1;9618382779;B
20240216;101107;590.100000000;1;9618382780;B
20240216;101108;590.050000000;1;9618383017;B
20240216;101108;590.100000000;11;9618383018;B
20240216;101110;589.800000000;12;9618383252;S
20240216;101112;590.050000000;9;9618383446;B
20240216;101113;590.050000000;10;9618383548;B
20240216;101114;590.100000000;43;9618383816;B
20240216;101116;590.100000000;1;9618384007;B
20240216;101117;590.100000000;1;9618384108;B
20240216;101117;590.100000000;1;9618384109;B
20240216;101118;589.900000000;1;9618384369;S
20240216;101118;589.900000000;17;9618384370;S
20240216;101120;589.900000000;10;9618384646;S
20240216;101121;590.100000000;48;9618384739;B
20240216;101122;589.900000000;3;9618384827;S
20240216;101123;589.900000000;1;9618384855;S
20240216;101123;590.000000000;3;9618384912;B
20240216;101124;590.000000000;2;9618385049;B
20240216;101126;590.000000000;1;9618385383;B
20240216;101127;590.000000000;1;9618385598;B
20240216;101129;589.900000000;25;9618385824;S
20240216;101129;589.850000000;9;9618385825;S
20240216;101129;590.000000000;194;9618385857;B
20240216;101129;590.000000000;63;9618385858;B
20240216;101129;590.000000000;43;9618385859;B
20240216;101133;590.000000000;1;9618386526;B
20240216;101134;589.800000000;9;9618386637;S
20240216;101138;589.800000000;2;9618387082;S
20240216;101138;589.950000000;14;9618387090;B
20240216;101138;589.950000000;13;9618387107;B
20240216;101140;589.950000000;3;9618387353;B
20240216;101144;590.000000000;200;9618387869;B
20240216;101147;590.000000000;11;9618388281;B
20240216;101152;589.800000000;2;9618388883;S
20240216;101154;590.000000000;349;9618389183;B
20240216;101154;590.050000000;51;9618389184;B
20240216;101155;590.000000000;6;9618389333;B
20240216;101156;589.850000000;3;9618389372;S
20240216;101157;589.900000000;2;9618389565;S
20240216;101158;589.900000000;50;9618389674;S
20240216;101159;590.100000000;4;9618389851;B
20240216;101200;590.000000000;7;9618390046;S
20240216;101201;589.950000000;5;9618390200;B
20240216;101202;589.950000000;2;9618390343;B
20240216;101202;589.950000000;4;9618390393;B
20240216;101202;589.900000000;3;9618390396;S
20240216;101202;589.900000000;1;9618390405;S
20240216;101203;589.950000000;3;9618390521;B
20240216;101204;589.950000000;1;9618390720;B
20240216;101205;589.950000000;3;9618390803;B
20240216;101206;589.950000000;12;9618390973;B
20240216;101208;589.900000000;2;9618391198;S
20240216;101208;589.900000000;1;9618391199;S
20240216;101209;589.950000000;3;9618391364;B
20240216;101210;589.950000000;1;9618391389;B
20240216;101210;589.950000000;100;9618391517;B
20240216;101210;589.950000000;25;9618391520;B
20240216;101213;589.950000000;2;9618391849;B
20240216;101214;589.900000000;1;9618391959;S
20240216;101214;589.950000000;2;9618392011;B
20240216;101214;589.950000000;30;9618392015;B
20240216;101216;590.000000000;2;9618392314;B
20240216;101216;590.000000000;2;9618392351;B
20240216;101217;590.000000000;1;9618392419;B
20240216;101218;589.950000000;9;9618392501;S
20240216;101219;590.000000000;2;9618392711;B
20240216;101219;589.950000000;3;9618392712;S
20240216;101220;589.950000000;5;9618392911;S
20240216;101220;589.950000000;1;9618392913;S
20240216;101221;589.950000000;2;9618392983;S
20240216;101222;589.950000000;2;9618393200;S
20240216;101223;590.000000000;25;9618393271;B
20240216;101223;590.000000000;1;9618393289;B
20240216;101224;589.950000000;10;9618393389;S
20240216;101225;589.950000000;1;9618393545;S
20240216;101225;589.950000000;14;9618393550;S
20240216;101226;590.000000000;13;9618393644;B
20240216;101227;589.950000000;3;9618393746;S
20240216;101229;590.000000000;2;9618393978;B
20240216;101230;590.000000000;2;9618394027;B
20240216;101231;590.000000000;6;9618394256;B
20240216;101233;589.950000000;2;9618394371;S
20240216;101233;589.950000000;2;9618394464;S
20240216;101234;589.950000000;3;9618394613;S
20240216;101237;590.000000000;1;9618394903;B
20240216;101237;589.950000000;2;9618394915;S
20240216;101239;589.950000000;1;9618395177;S
20240216;101240;589.950000000;2;9618395334;S
20240216;101241;590.000000000;2;9618395387;B
20240216;101242;590.000000000;1;9618395549;B
20240216;101243;589.950000000;2;9618395609;S
20240216;101248;589.950000000;2;9618396184;S
20240216;101248;589.950000000;4;9618396185;S
20240216;101249;590.000000000;2;9618396375;B
20240216;101251;589.950000000;20;9618396569;S
20240216;101251;590.000000000;1;9618396619;B
20240216;101251;589.950000000;1;9618396630;S
20240216;101253;589.950000000;2;9618396768;S
20240216;101253;590.000000000;1;9618396809;B
20240216;101253;590.000000000;5;9618396813;B
20240216;101253;589.950000000;111;9618396816;S
20240216;101253;589.950000000;2;9618396817;S
20240216;101253;589.950000000;65;9618396818;S
20240216;101253;589.950000000;4;9618396819;S
20240216;101253;589.900000000;38;9618396820;S
20240216;101254;589.900000000;10;9618396916;S
20240216;101255;589.900000000;2;9618397140;S
20240216;101256;590.000000000;1;9618397151;B
20240216;101257;590.000000000;6;9618397327;B
20240216;101258;589.900000000;3;9618397423;S
20240216;101258;590.000000000;3;9618397460;B
20240216;101300;589.900000000;13;9618397743;S
20240216;101301;589.900000000;6;9618397830;S
20240216;101302;590.000000000;2;9618397853;B
20240216;101302;590.000000000;2;9618397973;B
20240216;101304;590.000000000;1;9618398146;B
20240216;101304;589.900000000;8;9618398163;S
20240216;101305;590.000000000;3;9618398193;B
20240216;101305;590.000000000;15;9618398258;B
20240216;101305;590.000000000;3;9618398259;B
20240216;101305;590.000000000;20;9618398260;B
20240216;101305;590.050000000;58;9618398261;B
20240216;101305;590.100000000;4;9618398262;B
20240216;101307;589.900000000;1;9618398414;S
20240216;101309;589.900000000;4;9618398743;S
20240216;101310;590.050000000;5;9618398751;B
20240216;101310;590.050000000;1;9618398768;B
20240216;101310;590.050000000;14;9618398812;B
20240216;101310;590.100000000;48;9618398813;B
20240216;101310;590.100000000;135;9618398814;B
20240216;101310;590.150000000;1;9618398815;B
20240216;101310;590.150000000;135;9618398816;B
20240216;101310;590.150000000;58;9618398817;B
20240216;101310;590.200000000;200;9618398818;B
20240216;101310;590.200000000;1;9618398819;B
20240216;101310;590.200000000;135;9618398820;B
20240216;101310;590.250000000;100;9618398821;B
20240216;101310;590.250000000;173;9618398822;B
20240216;101310;590.300000000;1000;9618398823;B
20240216;101311;590.250000000;1;9618398947;B
20240216;101312;590.250000000;7;9618398979;B
20240216;101312;590.300000000;56;9618398980;B
20240216;101312;590.300000000;87;9618398981;B
20240216;101312;590.300000000;240;9618398982;B
20240216;101312;590.350000000;110;9618398983;B
20240216;101312;590.400000000;1;9618399048;B
20240216;101313;590.100000000;24;9618399118;S
20240216;101316;590.300000000;4;9618399459;B
20240216;101318;590.300000000;15;9618399674;B
20240216;101318;590.300000000;81;9618399795;B
20240216;101318;590.300000000;57;9618399796;B
20240216;101318;590.400000000;56;9618399797;B
20240216;101318;590.400000000;43;9618399798;B
20240216;101318;590.450000000;100;9618399799;B
20240216;101318;590.450000000;135;9618399800;B
20240216;101318;590.500000000;5;9618399801;B
20240216;101318;590.500000000;100;9618399802;B
20240216;101318;590.500000000;200;9618399803;B
20240216;101318;590.500000000;135;9618399804;B
20240216;101318;590.500000000;64;9618399805;B
20240216;101318;590.500000000;423;9618399806;B
20240216;101318;590.550000000;135;9618399807;B
20240216;101318;590.600000000;3;9618399808;B
20240216;101318;590.600000000;100;9618399809;B
20240216;101318;590.600000000;100;9618399810;B
20240216;101318;590.650000000;263;9618399811;B
20240216;101318;590.600000000;7;9618399826;B
20240216;101319;590.250000000;5;9618399874;S
20240216;101320;590.600000000;416;9618399934;B
20240216;101320;590.600000000;56;9618399935;B
20240216;101320;590.600000000;2;9618399936;B
20240216;101320;590.650000000;26;9618399937;B
20240216;101322;590.350000000;2;9618400178;S
20240216;101323;590.350000000;1;9618400390;S
20240216;101326;590.400000000;100;9618400672;S
20240216;101327;590.550000000;5;9618400753;B
20240216;101328;590.600000000;3;9618400875;B
20240216;101328;590.600000000;7;9618400876;B
20240216;101329;590.600000000;100;9618400891;B
20240216;101330;590.500000000;1;9618401053;S
20240216;101331;590.600000000;2;9618401116;B
20240216;101331;590.500000000;2;9618401121;S
20240216;101331;590.450000000;18;9618401122;S
20240216;101331;590.600000000;2;9618401124;B
20240216;101331;590.600000000;1;9618401126;B
20240216;101333;590.600000000;1;9618401291;B
20240216;101333;590.600000000;1;9618401330;B
20240216;101334;590.600000000;2;9618401391;B
20240216;101334;590.600000000;1;9618401503;B
20240216;101335;590.600000000;1;9618401537;B
20240216;101340;590.600000000;17;9618402185;B
20240216;101340;590.650000000;135;9618402186;B
20240216;101340;590.650000000;1;9618402187;B
20240216;101340;590.650000000;55;9618402188;B
20240216;101340;590.650000000;22;9618402189;B
20240216;101340;590.700000000;1;9618402190;B
20240216;101340;590.700000000;135;9618402191;B
20240216;101340;590.700000000;10;9618402192;B
20240216;101340;590.700000000;423;9618402193;B
20240216;101340;590.700000000;86;9618402194;B
20240216;101340;590.750000000;150;9618402195;B
20240216;101340;590.750000000;56;9618402196;B
20240216;101340;590.750000000;5;9618402197;B
20240216;101340;590.750000000;1;9618402198;B
20240216;101340;590.750000000;1;9618402199;B
20240216;101340;590.750000000;20;9618402200;B
20240216;101340;590.800000000;10;9618402201;B
20240216;101340;590.800000000;10;9618402202;B
20240216;101340;590.800000000;1;9618402203;B
20240216;101340;590.800000000;1;9618402204;B
20240216;101340;590.800000000;100;9618402205;B
20240216;101340;590.800000000;20;9618402206;B
20240216;101340;590.800000000;740;9618402207;B
20240216;101341;590.700000000;6;9618402516;B
20240216;101344;590.600000000;1;9618403006;B
20240216;101344;590.650000000;1;9618403007;B
20240216;101347;590.450000000;3;9618403657;S
20240216;101350;590.550000000;2;9618404081;B
20240216;101351;590.550000000;2;9618404095;B
20240216;101351;590.550000000;1;9618404100;B
20240216;101352;590.550000000;1;9618404230;B
20240216;101353;590.450000000;2;9618404300;S
20240216;101353;590.550000000;10;9618404367;B
20240216;101354;590.450000000;1;9618404439;S
20240216;101354;590.550000000;1;9618404486;B
20240216;101355;590.450000000;2;9618404523;S
20240216;101355;590.550000000;1;9618404543;B
20240216;101357;590.550000000;1;9618404894;B
20240216;101358;590.550000000;1;9618405006;B
20240216;101359;590.500000000;246;9618405072;B
20240216;101400;590.500000000;3;9618405235;B
20240216;101400;590.500000000;150;9618405255;B
20240216;101400;590.500000000;2;9618405339;B
20240216;101401;590.500000000;69;9618405364;B
20240216;101401;590.500000000;30;9618405373;B
20240216;101401;590.550000000;3;9618405418;S
20240216;101403;590.550000000;1;9618405696;S
20240216;101405;590.550000000;5;9618405888;S
20240216;101406;590.550000000;4;9618405999;S
20240216;101408;590.650000000;3;9618406143;B
20240216;101408;590.550000000;3;9618406148;S
20240216;101408;590.700000000;2;9618406217;B
20240216;101410;590.700000000;2;9618406405;B
20240216;101413;590.700000000;4;9618406639;B
20240216;101413;590.700000000;1;9618406664;B
20240216;101413;590.700000000;1;9618406699;B
20240216;101415;590.600000000;10;9618406979;S
20240216;101415;590.700000000;1;9618406997;B
20240216;101415;590.700000000;1;9618407005;B
20240216;101419;590.700000000;1;9618407624;B
20240216;101420;590.700000000;5;9618407658;B
20240216;101423;590.700000000;1;9618407980;B
20240216;101423;590.700000000;74;9618407996;B
20240216;101423;590.700000000;3;9618408033;B
20240216;101424;590.700000000;1;9618408156;B
20240216;101425;590.700000000;1;9618408359;B
20240216;101427;590.700000000;31;9618408569;B
20240216;101427;590.700000000;1;9618408570;B
20240216;101427;590.700000000;40;9618408571;B
20240216;101427;590.700000000;28;9618408572;S
20240216;101427;590.750000000;5;9618408599;B
20240216;101427;590.600000000;4;9618408632;S
20240216;101428;590.750000000;2;9618408740;B
20240216;101429;590.750000000;2;9618408807;B
20240216;101430;590.750000000;3;9618409016;B
20240216;101431;590.600000000;3;9618409051;S
20240216;101433;590.750000000;2;9618409314;B
20240216;101435;590.750000000;25;9618409583;B
20240216;101435;590.600000000;2;9618409614;S
20240216;101435;590.600000000;20;9618409620;S
20240216;101436;590.750000000;1;9618409693;B
20240216;101436;590.750000000;5;9618409700;B
20240216;101438;590.650000000;3;9618409930;B
20240216;101439;590.650000000;1;9618410069;B
20240216;101439;590.650000000;110;9618410107;B
20240216;101440;590.650000000;3;9618410224;B
20240216;101440;590.650000000;2;9618410395;B
20240216;101441;590.650000000;1;9618410504;B
20240216;101441;590.600000000;554;9618410554;S
20240216;101441;590.550000000;104;9618410555;S
20240216;101441;590.550000000;1;9618410556;S
20240216;101441;590.550000000;58;9618410557;S
20240216;101441;590.550000000;51;9618410558;S
20240216;101441;590.500000000;43;9618410559;S
20240216;101441;590.450000000;1;9618410560;S
20240216;101441;590.400000000;50;9618410561;S
20240216;101441;590.350000000;1;9618410562;S
20240216;101441;590.300000000;7;9618410563;S
20240216;101441;590.650000000;15;9618410570;B
20240216;101441;590.650000000;5;9618410571;B
20240216;101446;590.600000000;11;9618411154;B
20240216;101446;590.650000000;46;9618411155;B
20240216;101446;590.650000000;113;9618411156;B
20240216;101448;590.600000000;1;9618411419;B
20240216;101448;590.500000000;3;9618411554;B
20240216;101449;590.500000000;3;9618411732;B
20240216;101450;590.250000000;10;9618411763;S
20240216;101451;590.500000000;1;9618411989;B
20240216;101452;590.500000000;1;9618412008;B
20240216;101457;590.500000000;1;9618412719;B
20240216;101459;590.500000000;1;9618412913;B
20240216;101501;590.500000000;1;9618413246;B
20240216;101501;590.250000000;5;9618413307;S
20240216;101510;590.250000000;2;9618415418;S
20240216;101511;590.250000000;20;9618415749;S
20240216;101512;590.500000000;1;9618415964;B
20240216;101513;590.500000000;2;9618416080;B
20240216;101519;590.500000000;5;9618417068;B
20240216;101521;590.250000000;10;9618417427;S
20240216;101524;590.250000000;2;9618417816;S
20240216;101532;590.450000000;1;9618419159;B
20240216;101535;590.250000000;1;9618419753;S
20240216;101537;590.250000000;1;9618420091;S
20240216;101537;590.250000000;6;9618420180;S
20240216;101538;590.200000000;1;9618420308;S
20240216;101538;590.250000000;2;9618420366;B
20240216;101539;590.250000000;2;9618420439;B
20240216;101542;590.150000000;5;9618421089;S
20240216;101542;590.400000000;1;9618421118;B
20240216;101543;590.150000000;1;9618421208;S
20240216;101545;590.450000000;9;9618421617;B
20240216;101549;590.450000000;1;9618422324;B
20240216;101551;590.400000000;9;9618422500;S
20240216;101556;590.450000000;3;9618423530;B
20240216;101556;590.300000000;1;9618423534;S
20240216;101556;590.450000000;10;9618423620;B
20240216;101557;590.300000000;1;9618423804;S
20240216;101557;590.300000000;1;9618423829;S
20240216;101558;590.450000000;2;9618423875;B
20240216;101558;590.300000000;2;9618423930;S
20240216;101558;590.300000000;3;9618424008;S
20240216;101600;590.300000000;1;9618424280;S
20240216;101600;590.300000000;1;9618424413;S
20240216;101600;590.300000000;1;9618424511;S
20240216;101601;590.300000000;227;9618424535;S
20240216;101601;590.250000000;1;9618424708;S
20240216;101602;590.400000000;1;9618424814;B
20240216;101602;590.300000000;1;9618424842;S
20240216;101603;590.250000000;1;9618425039;S
20240216;101607;590.450000000;5;9618425756;B
20240216;101608;590.450000000;1;9618425869;B
20240216;101608;590.400000000;1;9618425931;S
20240216;101609;590.400000000;1;9618426000;S
20240216;101609;590.400000000;1;9618426013;S
20240216;101612;590.400000000;2;9618426487;S
20240216;101612;590.450000000;2;9618426525;B
20240216;101612;590.450000000;3;9618426563;B
20240216;101613;590.400000000;3;9618426793;S
20240216;101614;590.450000000;5;9618426847;B
20240216;101614;590.400000000;1;9618426920;S
20240216;101617;590.450000000;17;9618427384;B
20240216;101617;590.450000000;1;9618427388;B
20240216;101618;590.450000000;1;9618427664;B
20240216;101619;590.400000000;1;9618427969;S
20240216;101620;590.400000000;4;9618428023;S
20240216;101620;590.300000000;5;9618428085;S
20240216;101621;590.300000000;1;9618428126;S
20240216;101622;590.450000000;20;9618428411;B
20240216;101622;590.450000000;1;9618428419;B
20240216;101624;590.450000000;1;9618428722;B
20240216;101624;590.300000000;1;9618428746;S
20240216;101624;590.300000000;34;9618428785;S
20240216;101625;590.450000000;10;9618428942;B
20240216;101625;590.450000000;4;9618428945;B
20240216;101625;590.300000000;4;9618428976;S
20240216;101626;590.450000000;3;9618429088;B
20240216;101626;590.300000000;2;9618429098;S
20240216;101627;590.450000000;2;9618429169;B
20240216;101628;590.450000000;3;9618429348;B
20240216;101629;590.450000000;2;9618429439;B
20240216;101629;590.300000000;1;9618429469;S
20240216;101629;590.300000000;1;9618429540;S
20240216;101629;590.450000000;3;9618429570;B
20240216;101630;590.450000000;6;9618429626;B
20240216;101630;590.450000000;1;9618429662;B
20240216;101630;590.450000000;2;9618429680;B
20240216;101631;590.450000000;1;9618429805;B
20240216;101632;590.300000000;1;9618429921;S
20240216;101632;590.300000000;85;9618430006;S
20240216;101632;590.300000000;30;9618430007;S
20240216;101632;590.300000000;54;9618430008;S
20240216;101633;590.300000000;5;9618430141;S
20240216;101633;590.300000000;13;9618430162;S
20240216;101633;590.300000000;1;9618430201;S
20240216;101635;590.400000000;1;9618430337;S
20240216;101635;590.400000000;1;9618430459;S
20240216;101639;590.450000000;2;9618430951;B
20240216;101639;590.400000000;1;9618430988;S
20240216;101640;590.400000000;1;9618431054;S
20240216;101640;590.450000000;4;9618431066;B
20240216;101640;590.450000000;2;9618431067;B
20240216;101640;590.450000000;1;9618431068;B
20240216;101641;590.450000000;1;9618431334;S
20240216;101641;590.500000000;1;9618431340;B
20240216;101642;590.450000000;9;9618431378;S
20240216;101642;590.450000000;1;9618431411;S
20240216;101642;590.450000000;382;9618431579;S
20240216;101642;590.450000000;4;9618431580;S
20240216;101642;590.450000000;28;9618431581;S
20240216;101642;590.400000000;3;9618431582;S
20240216;101642;590.400000000;1;9618431583;S
20240216;101642;590.350000000;336;9618431584;S
20240216;101647;590.500000000;8;9618432320;B
20240216;101648;590.250000000;55;9618432417;S
20240216;101648;590.250000000;10;9618432418;S
20240216;101648;590.250000000;32;9618432419;B
20240216;101649;590.200000000;1;9618432491;S
20240216;101650;590.150000000;3;9618432795;S
20240216;101651;590.250000000;1;9618433006;B
20240216;101652;590.250000000;14;9618433193;B
20240216;101653;590.250000000;1;9618433383;B
20240216;101653;590.250000000;1;9618433389;B
20240216;101653;590.250000000;2;9618433407;B
20240216;101653;590.200000000;1;9618433491;S
20240216;101654;590.250000000;3;9618433546;B
20240216;101654;590.150000000;1;9618433586;S
20240216;101655;590.150000000;1;9618433832;S
20240216;101656;590.200000000;1;9618433941;S
20240216;101656;590.150000000;1;9618433977;S
20240216;101658;590.250000000;1;9618434168;B
20240216;101658;590.150000000;1;9618434197;S
20240216;101658;590.150000000;1;9618434198;S
20240216;101659;590.250000000;6;9618434303;B
20240216;101659;590.200000000;2;9618434356;S
20240216;101659;590.150000000;1;9618434397;S
20240216;101659;590.250000000;1;9618434408;B
20240216;101659;590.250000000;3;9618434430;B
20240216;101700;590.250000000;10;9618434548;B
20240216;101701;590.150000000;1;9618434730;S
20240216;101701;590.150000000;2;9618434844;S
20240216;101701;590.250000000;2;9618434848;B
20240216;101703;590.150000000;1;9618435106;S
20240216;101705;590.200000000;1;9618435324;S
20240216;101706;590.250000000;1;9618435510;B
20240216;101706;590.250000000;357;9618435595;B
20240216;101706;590.250000000;1;9618435596;B
20240216;101706;590.300000000;44;9618435597;B
20240216;101706;590.450000000;56;9618435598;B
20240216;101706;590.500000000;11;9618435599;B
20240216;101706;590.500000000;10;9618435600;B
20240216;101706;590.500000000;29;9618435601;B
20240216;101708;590.500000000;42;9618435732;B
20240216;101712;590.200000000;30;9618436317;S
20240216;101714;590.450000000;2;9618436600;B
20240216;101722;590.450000000;43;9618437961;B
20240216;101722;590.450000000;4;9618437962;B
20240216;101722;590.500000000;313;9618437963;B
20240216;101723;590.200000000;1;9618438178;S
20240216;101727;590.450000000;4;9618439021;B
20240216;101730;590.250000000;3;9618439728;S
20240216;101730;590.200000000;1;9618439729;S
20240216;101731;590.450000000;14;9618439783;B
20240216;101734;590.400000000;3;9618440349;B
20240216;101734;590.450000000;42;9618440350;B
20240216;101734;590.450000000;2;9618440351;B
20240216;101734;590.450000000;2;9618440352;S
20240216;101734;590.450000000;44;9618440353;S
20240216;101734;590.450000000;107;9618440354;S
20240216;101735;590.300000000;1;9618440540;S
20240216;101736;590.550000000;1;9618440612;B
20240216;101738;590.500000000;5;9618441000;B
20240216;101738;590.200000000;1;9618441088;S
20240216;101738;590.200000000;2;9618441089;S
20240216;101738;590.200000000;10;9618441090;S
20240216;101739;590.400000000;1;9618441388;B
20240216;101740;590.400000000;48;9618441545;B
20240216;101751;590.450000000;2;9618443432;B
20240216;101758;590.200000000;31;9618444669;S
20240216;101803;590.400000000;1;9618445449;B
20240216;101804;590.400000000;2;9618445822;B
20240216;101804;590.400000000;1;9618445843;B
20240216;101804;590.450000000;1;9618445844;B
20240216;101807;590.250000000;3;9618446384;S
20240216;101807;590.250000000;4;9618446385;S
20240216;101807;590.200000000;2;9618446386;S
20240216;101808;590.400000000;1;9618446633;B
20240216;101810;590.200000000;23;9618446904;S
20240216;101810;590.200000000;7;9618446905;S
20240216;101810;590.200000000;10;9618446906;S
20240216;101810;590.200000000;135;9618446907;S
20240216;101810;590.200000000;1;9618446908;S
20240216;101810;590.200000000;1;9618446909;S
20240216;101810;590.150000000;1;9618446910;S
20240216;101810;590.150000000;135;9618446911;S
20240216;101810;590.100000000;1;9618446912;S
20240216;101810;590.100000000;1;9618446913;S
20240216;101810;590.100000000;70;9618446914;S
20240216;101810;590.100000000;135;9618446915;S
20240216;101810;590.100000000;423;9618446916;S
20240216;101810;590.050000000;494;9618446917;S
20240216;101810;590.000000000;1;9618446918;S
20240216;101810;590.000000000;5;9618446919;S
20240216;101810;590.000000000;1;9618446920;S
20240216;101810;590.000000000;2;9618446921;S
20240216;101810;590.000000000;200;9618446922;S
20240216;101810;590.000000000;1;9618446923;S
20240216;101810;590.000000000;1;9618446924;S
20240216;101810;590.000000000;2;9618446925;S
20240216;101810;590.000000000;191;9618446926;S
20240216;101810;590.000000000;1;9618446927;S
20240216;101810;590.000000000;1;9618446928;S
20240216;101810;590.000000000;29;9618446929;S
20240216;101810;590.000000000;10;9618446930;S
20240216;101810;589.950000000;1;9618446931;S
20240216;101810;589.950000000;2;9618446932;S
20240216;101810;589.950000000;20;9618446933;S
20240216;101810;589.950000000;10;9618446934;S
20240216;101810;589.950000000;16;9618446935;S
20240216;101810;589.950000000;174;9618446936;S
20240216;101810;590.000000000;400;9618446937;B
20240216;101810;589.950000000;100;9618446939;S
20240216;101811;590.000000000;2;9618447058;B
20240216;101812;589.950000000;100;9618447193;S
20240216;101812;589.950000000;96;9618447194;S
20240216;101812;589.900000000;1;9618447195;S
20240216;101812;589.900000000;35;9618447196;S
20240216;101812;589.900000000;8;9618447197;S
20240216;101812;589.900000000;7;9618447198;S
20240216;101812;589.850000000;8;9618447199;S
20240216;101812;589.850000000;1;9618447200;S
20240216;101812;589.850000000;80;9618447204;B
20240216;101812;589.800000000;9;9618447237;S
20240216;101813;589.800000000;1;9618447395;S
20240216;101813;589.800000000;1;9618447396;S
20240216;101814;589.850000000;4;9618447546;B
20240216;101814;589.800000000;4;9618447592;S
20240216;101814;589.800000000;500;9618447593;S
20240216;101814;589.800000000;13;9618447594;S
20240216;101814;589.750000000;300;9618447595;S
20240216;101814;589.750000000;183;9618447596;S
20240216;101816;589.800000000;1;9618447937;B
20240216;101816;589.750000000;3;9618447948;S
20240216;101819;589.750000000;1;9618448647;S
20240216;101822;589.800000000;1;9618449094;B
20240216;101823;589.800000000;1;9618449205;B
20240216;101825;589.750000000;1;9618449572;S
20240216;101825;589.800000000;1;9618449642;B
20240216;101825;589.750000000;21;9618449814;S
20240216;101827;589.750000000;1;9618450282;S
20240216;101828;589.750000000;1;9618450383;S
20240216;101828;589.800000000;3;9618450468;B
20240216;101829;589.800000000;1;9618450741;B
20240216;101829;589.800000000;2;9618450745;B
20240216;101830;589.800000000;1;9618451001;B
20240216;101830;589.750000000;33;9618451077;S
20240216;101831;589.800000000;83;9618451086;B
20240216;101831;589.800000000;1;9618451092;B
20240216;101831;589.750000000;56;9618451213;S
20240216;101831;589.750000000;1;9618451214;S
20240216;101831;589.700000000;1;9618451215;S
20240216;101831;589.700000000;1;9618451216;S
20240216;101831;589.700000000;20;9618451217;S
20240216;101831;589.650000000;50;9618451218;S
20240216;101831;589.650000000;125;9618451219;S
20240216;101831;589.750000000;3;9618451276;B
20240216;101832;589.650000000;1;9618451400;S
20240216;101833;589.700000000;1;9618451515;B
20240216;101833;589.750000000;2;9618451516;B
20240216;101833;589.750000000;1;9618451550;B
20240216;101833;589.700000000;3;9618451656;B
20240216;101835;589.650000000;1;9618452325;S
20240216;101836;589.700000000;1;9618452520;B
20240216;101838;589.700000000;4;9618452785;B
20240216;101838;589.700000000;2;9618452879;B
20240216;101840;589.650000000;1;9618453159;B
20240216;101842;589.750000000;3;9618453358;B
20240216;101843;589.750000000;2;9618454208;B
20240216;101845;589.650000000;3;9618454686;S
20240216;101846;589.650000000;5;9618454740;S
20240216;101846;589.750000000;1;9618454815;B
20240216;101847;589.650000000;1;9618454991;S
20240216;101848;589.750000000;1;9618455062;B
20240216;101848;589.750000000;1;9618455105;B
20240216;101849;589.750000000;10;9618455167;B
20240216;101849;589.750000000;10;9618455250;B
20240216;101850;589.750000000;21;9618455286;B
20240216;101850;589.750000000;1;9618455287;B
20240216;101850;589.800000000;1;9618455288;B
20240216;101850;589.800000000;10;9618455289;B
20240216;101850;589.800000000;14;9618455290;B
20240216;101850;589.650000000;4;9618455365;S
20240216;101850;589.750000000;2;9618455431;B
20240216;101851;589.750000000;1;9618455468;B
20240216;101851;589.650000000;4;9618455601;S
20240216;101851;589.650000000;4;9618455626;S
20240216;101851;589.650000000;2;9618455739;S
20240216;101852;589.750000000;2;9618455934;B
20240216;101852;589.750000000;3;9618456082;B
20240216;101853;589.650000000;5;9618456169;S
20240216;101855;589.750000000;2;9618456547;B
20240216;101856;589.650000000;1;9618456608;S
20240216;101857;589.650000000;1;9618456824;S
