<DATE>;<TIME>;<LAST>;<VOL>;<ID>;<OPER>
20240209;095939;587.800000000;8;9581445606;B
20240209;095939;587.800000000;3;9581445607;S
20240209;095939;587.800000000;25;9581445608;S
20240209;095939;587.800000000;10;9581445609;S
20240209;095939;587.800000000;35;9581445610;S
20240209;095939;587.800000000;3;9581445611;S
20240209;095939;587.800000000;1;9581445612;S
20240209;095939;587.800000000;6;9581445613;S
20240209;095939;587.800000000;1;9581445614;S
20240209;095939;587.800000000;3;9581445615;S
20240209;095939;587.800000000;1;9581445616;S
20240209;095939;587.800000000;5;9581445617;B
20240209;095939;587.800000000;160;9581445618;S
20240209;095939;587.800000000;30;9581445619;B
20240209;095939;587.800000000;3;9581445620;B
20240209;095939;587.800000000;30;9581445621;B
20240209;095939;587.800000000;2;9581445622;B
20240209;095939;587.800000000;2;9581445623;B
20240209;095939;587.800000000;2;9581445624;S
20240209;095939;587.800000000;5;9581445625;S
20240209;095939;587.800000000;25;9581445626;S
20240209;095939;587.800000000;3;9581445627;B
20240209;095939;587.800000000;1;9581445628;B
20240209;095939;587.800000000;3;9581445629;B
20240209;095939;587.800000000;1;9581445630;B
20240209;095939;587.800000000;2;9581445631;B
20240209;095939;587.800000000;1;9581445632;B
20240209;095939;587.800000000;1;9581445633;B
20240209;095939;587.800000000;1;9581445634;B
20240209;095939;587.800000000;1;9581445635;B
20240209;095939;587.800000000;2;9581445636;B
20240209;095939;587.800000000;2;9581445637;B
20240209;095939;587.800000000;2;9581445638;B
20240209;095939;587.800000000;3;9581445639;B
20240209;095939;587.800000000;3;9581445640;B
20240209;095939;587.800000000;1;9581445641;B
20240209;095939;587.800000000;2;9581445642;B
20240209;095939;587.800000000;20;9581445643;B
20240209;095939;587.800000000;130;9581445644;B
20240209;095939;587.800000000;3;9581445645;B
20240209;095939;587.800000000;3;9581445646;B
20240209;095939;587.800000000;4;9581445647;S
20240209;095939;587.800000000;3;9581445648;S
20240209;095939;587.800000000;3;9581445649;S
20240209;095939;587.800000000;3;9581445650;S
20240209;095939;587.800000000;3;9581445651;S
20240209;095939;587.800000000;3;9581445652;S
20240209;095939;587.800000000;3;9581445653;S
20240209;095939;587.800000000;3;9581445654;S
20240209;095939;587.800000000;3;9581445655;S
20240209;095939;587.800000000;3;9581445656;S
20240209;095939;587.800000000;3;9581445657;S
20240209;095939;587.800000000;1;9581445658;S
20240209;095939;587.800000000;1;9581445659;S
20240209;095939;587.800000000;57;9581445660;S
20240209;095939;587.800000000;15;9581445661;S
20240209;095939;587.800000000;219;9581445662;S
20240209;095939;587.800000000;2;9581445663;S
20240209;095939;587.800000000;1;9581445664;S
20240209;095939;587.800000000;108;9581445665;S
20240209;095939;587.800000000;1;9581445666;S
20240209;095939;587.800000000;1;9581445667;B
20240209;095939;587.800000000;2;9581445668;B
20240209;095939;587.800000000;2;9581445669;B
20240209;095939;587.800000000;3;9581445670;B
20240209;095939;587.800000000;10;9581445671;B
20240209;095939;587.800000000;1;9581445672;B
20240209;095939;587.800000000;9;9581445673;B
20240209;095939;587.800000000;1;9581445674;B
20240209;095939;587.800000000;22;9581445675;B
20240209;095939;587.800000000;128;9581445676;S
20240209;095939;587.800000000;1;9581445677;B
20240209;095939;587.800000000;3;9581445678;B
20240209;095939;587.800000000;1;9581445679;S
20240209;095939;587.800000000;1;9581445680;S
20240209;095939;587.800000000;2;9581445681;S
20240209;095939;587.800000000;1;9581445682;S
20240209;095939;587.800000000;7;9581445683;S
20240209;095939;587.800000000;20;9581445684;B
20240209;095939;587.800000000;2;9581445685;S
20240209;095939;587.800000000;5;9581445686;S
20240209;095939;587.800000000;4;9581445687;S
20240209;095939;587.800000000;300;9581445688;S
20240209;095939;587.800000000;5;9581445689;S
20240209;095939;587.800000000;1;9581445690;S
20240209;095939;587.800000000;20;9581445691;B
20240209;095939;587.800000000;3;9581445692;S
20240209;095939;587.800000000;2;9581445693;S
20240209;095939;587.800000000;2;9581445694;S
20240209;095939;587.800000000;3;9581445695;S
20240209;095939;587.800000000;1144;9581445696;S
20240209;100000;587.800000000;425;9581450505;S
20240209;100000;587.850000000;1;9581450526;B
20240209;100000;587.850000000;2;9581450527;B
20240209;100000;587.850000000;50;9581450528;B
20240209;100000;587.900000000;1;9581450529;B
20240209;100000;587.900000000;50;9581450530;B
20240209;100000;587.900000000;96;9581450614;S
20240209;100000;587.850000000;200;9581450615;S
20240209;100000;587.850000000;100;9581450621;B
20240209;100000;587.850000000;29;9581450622;B
20240209;100000;587.900000000;3;9581450804;S
20240209;100000;587.950000000;1;9581450820;B
20240209;100000;587.950000000;5;9581450821;B
20240209;100000;587.950000000;50;9581450822;B
20240209;100000;587.950000000;5;9581450823;B
20240209;100000;587.950000000;10;9581450824;B
20240209;100000;588.000000000;1;9581450825;B
20240209;100000;588.000000000;100;9581450826;B
20240209;100000;588.000000000;128;9581450827;B
20240209;100000;588.000000000;32;9581450832;B
20240209;100000;588.000000000;2;9581450833;B
20240209;100000;588.000000000;50;9581450834;B
20240209;100000;588.000000000;3;9581450835;B
20240209;100000;588.000000000;8;9581450836;B
20240209;100000;588.000000000;200;9581450837;B
20240209;100000;588.000000000;4;9581450838;B
20240209;100000;588.000000000;1;9581450839;B
20240209;100000;587.950000000;200;9581450971;S
20240209;100000;587.950000000;52;9581450987;B
20240209;100000;587.950000000;67;9581450989;B
20240209;100000;587.950000000;67;9581450990;B
20240209;100000;587.950000000;29;9581450991;B
20240209;100000;587.950000000;10;9581450992;B
20240209;100000;588.000000000;57;9581450993;B
20240209;100000;588.000000000;10;9581450999;B
20240209;100000;588.050000000;1;9581451064;B
20240209;100000;588.050000000;3;9581451065;B
20240209;100000;588.050000000;9;9581451066;B
20240209;100000;588.050000000;38;9581451067;B
20240209;100000;588.100000000;1;9581451077;B
20240209;100000;588.100000000;50;9581451078;B
20240209;100000;588.100000000;249;9581451079;B
20240209;100000;588.100000000;100;9581451093;B
20240209;100000;588.100000000;76;9581451104;B
20240209;100000;588.100000000;20;9581451126;S
20240209;100000;588.150000000;1;9581451170;B
20240209;100000;588.150000000;24;9581451171;B
20240209;100000;588.150000000;26;9581451172;B
20240209;100000;588.100000000;4;9581451364;S
20240209;100000;588.050000000;100;9581451365;S
20240209;100000;588.050000000;36;9581451366;S
20240209;100000;588.000000000;60;9581451367;S
20240209;100000;588.200000000;1;9581451405;B
20240209;100000;588.200000000;9;9581451406;B
20240209;100001;588.200000000;9;9581451547;B
20240209;100001;588.200000000;32;9581451548;B
20240209;100001;588.150000000;80;9581451558;S
20240209;100001;588.250000000;1;9581451598;B
20240209;100001;588.250000000;50;9581451599;B
20240209;100001;588.200000000;100;9581451602;S
20240209;100001;588.250000000;2;9581451706;S
20240209;100001;588.300000000;1;9581451718;B
20240209;100001;588.300000000;50;9581451719;B
20240209;100001;588.350000000;1;9581451730;B
20240209;100001;588.350000000;6;9581451731;B
20240209;100001;588.350000000;44;9581451763;B
20240209;100001;588.400000000;1;9581451781;B
20240209;100001;588.400000000;48;9581451782;B
20240209;100001;588.400000000;2;9581451851;B
20240209;100001;588.450000000;1;9581451859;B
20240209;100001;588.450000000;10;9581451860;B
20240209;100001;588.450000000;50;9581451861;B
20240209;100001;588.450000000;6;9581451862;B
20240209;100001;588.450000000;6;9581451863;B
20240209;100001;588.500000000;1;9581451868;B
20240209;100001;588.500000000;37;9581451869;B
20240209;100001;588.500000000;13;9581451870;B
20240209;100001;588.500000000;51;9581451871;B
20240209;100001;588.500000000;85;9581451874;B
20240209;100001;588.550000000;1;9581451882;B
20240209;100001;588.550000000;26;9581451883;B
20240209;100001;588.550000000;24;9581451884;B
20240209;100001;588.550000000;16;9581451885;B
20240209;100001;588.550000000;100;9581451886;B
20240209;100001;588.600000000;1;9581451947;B
20240209;100001;588.600000000;36;9581451948;B
20240209;100001;588.600000000;14;9581451949;B
20240209;100001;588.650000000;1;9581451958;B
20240209;100001;588.650000000;9;9581451959;B
20240209;100001;588.650000000;41;9581451960;B
20240209;100001;588.700000000;1;9581451962;B
20240209;100001;588.700000000;3;9581451963;B
20240209;100001;588.700000000;47;9581451964;B
20240209;100001;588.700000000;9;9581451965;B
20240209;100001;588.700000000;2;9581451966;B
20240209;100001;588.700000000;3;9581451968;B
20240209;100001;588.700000000;100;9581451969;B
20240209;100001;588.750000000;1;9581451977;B
20240209;100001;588.750000000;8;9581451978;B
20240209;100001;588.750000000;2;9581451979;B
20240209;100001;588.750000000;15;9581451980;B
20240209;100001;588.800000000;1;9581452002;B
20240209;100001;588.750000000;20;9581452008;S
20240209;100001;588.750000000;100;9581452009;S
20240209;100001;588.750000000;100;9581452010;S
20240209;100001;588.750000000;100;9581452011;S
20240209;100001;588.700000000;34;9581452012;S
20240209;100001;588.600000000;511;9581452013;S
20240209;100001;588.550000000;100;9581452014;S
20240209;100001;588.550000000;100;9581452015;S
20240209;100001;588.450000000;100;9581452018;B
20240209;100001;588.450000000;1761;9581452019;B
20240209;100001;588.450000000;74;9581452020;B
20240209;100001;588.450000000;300;9581452027;S
20240209;100001;588.750000000;35;9581452028;B
20240209;100001;588.750000000;65;9581452030;S
20240209;100001;588.400000000;100;9581452031;S
20240209;100001;588.450000000;35;9581452032;B
20240209;100001;588.750000000;65;9581452034;S
20240209;100001;588.600000000;35;9581452035;B
20240209;100001;588.600000000;65;9581452036;B
20240209;100001;588.600000000;35;9581452039;B
20240209;100001;588.750000000;100;9581452041;S
20240209;100001;588.750000000;100;9581452042;S
20240209;100001;588.800000000;100;9581452058;S
20240209;100001;588.800000000;12;9581452059;S
20240209;100001;588.800000000;3;9581452065;S
20240209;100001;588.800000000;85;9581452068;S
20240209;100001;588.800000000;100;9581452069;S
20240209;100001;588.800000000;100;9581452070;S
20240209;100001;588.800000000;100;9581452071;S
20240209;100001;588.800000000;100;9581452072;S
20240209;100001;588.800000000;100;9581452073;S
20240209;100001;588.750000000;100;9581452074;S
20240209;100001;588.700000000;39;9581452075;S
20240209;100001;588.500000000;476;9581452078;B
20240209;100001;588.750000000;59;9581452133;S
20240209;100001;588.800000000;136;9581452134;B
20240209;100001;588.800000000;364;9581452135;B
20240209;100001;588.800000000;147;9581452136;B
20240209;100001;588.800000000;136;9581452137;B
20240209;100001;588.850000000;1;9581452217;B
20240209;100001;588.850000000;1;9581452218;B
20240209;100001;588.900000000;1;9581452236;B
20240209;100001;588.850000000;100;9581452237;S
20240209;100001;588.850000000;100;9581452241;S
20240209;100001;588.950000000;1;9581452247;B
20240209;100001;588.950000000;5;9581452248;B
20240209;100001;588.950000000;94;9581452276;S
20240209;100001;588.950000000;6;9581452277;S
20240209;100001;589.000000000;1;9581452279;B
20240209;100001;589.000000000;1;9581452280;B
20240209;100001;589.000000000;2;9581452281;B
20240209;100001;589.000000000;96;9581452282;B
20240209;100002;588.950000000;156;9581452414;S
20240209;100002;589.000000000;74;9581452421;B
20240209;100002;589.000000000;2;9581452422;B
20240209;100002;589.000000000;2;9581452423;B
20240209;100002;589.000000000;3;9581452424;B
20240209;100002;589.000000000;3;9581452425;B
20240209;100002;589.000000000;3;9581452426;B
20240209;100002;589.000000000;3;9581452427;B
20240209;100002;589.000000000;3;9581452428;B
20240209;100002;589.000000000;3;9581452429;B
20240209;100002;589.000000000;16;9581452430;B
20240209;100002;589.000000000;5;9581452431;B
20240209;100002;589.000000000;1170;9581452432;B
20240209;100002;589.000000000;40;9581452437;B
20240209;100002;589.000000000;103;9581452438;B
20240209;100002;589.000000000;2;9581452439;B
20240209;100002;589.000000000;2;9581452444;B
20240209;100002;589.000000000;2;9581452445;B
20240209;100002;589.000000000;17;9581452446;B
20240209;100002;589.000000000;4;9581452451;B
20240209;100002;589.000000000;87;9581452489;B
20240209;100002;589.000000000;1;9581452493;B
20240209;100002;589.000000000;1;9581452494;B
20240209;100002;589.000000000;2;9581452525;B
20240209;100002;589.000000000;21;9581452526;B
20240209;100002;589.000000000;1;9581452527;B
20240209;100002;589.000000000;3;9581452592;B
20240209;100002;589.000000000;4;9581452593;B
20240209;100002;589.000000000;1;9581452594;B
20240209;100002;589.000000000;4;9581452653;B
20240209;100002;589.000000000;8;9581452654;B
20240209;100002;589.000000000;56;9581452655;B
20240209;100002;588.950000000;1;9581452787;S
20240209;100002;588.950000000;54;9581452946;S
20240209;100002;588.950000000;500;9581452947;S
20240209;100002;588.950000000;446;9581452948;S
20240209;100002;589.000000000;2;9581453086;B
20240209;100002;588.950000000;54;9581453303;S
20240209;100002;588.950000000;46;9581453304;S
20240209;100002;589.000000000;49;9581453337;B
20240209;100002;588.950000000;365;9581453435;S
20240209;100003;588.950000000;89;9581453798;S
20240209;100003;588.950000000;500;9581453799;S
20240209;100003;588.950000000;51;9581453800;S
20240209;100004;588.950000000;21;9581454543;S
20240209;100004;588.950000000;112;9581454562;S
20240209;100004;588.950000000;1;9581454702;S
20240209;100005;588.950000000;1;9581454823;S
20240209;100005;589.000000000;1;9581454902;B
20240209;100005;589.000000000;1;9581454903;B
20240209;100005;588.950000000;1;9581454905;S
20240209;100005;589.000000000;2;9581454906;B
20240209;100005;588.950000000;2;9581454907;S
20240209;100005;589.000000000;2;9581454908;B
20240209;100005;588.950000000;2;9581454909;S
20240209;100005;589.000000000;1;9581454910;B
20240209;100005;588.950000000;2;9581454942;S
20240209;100005;588.950000000;270;9581455223;S
20240209;100005;588.950000000;37;9581455410;S
20240209;100005;588.950000000;74;9581455411;S
20240209;100005;589.000000000;8;9581455412;B
20240209;100005;588.950000000;2;9581455419;S
20240209;100005;588.950000000;50;9581455492;S
20240209;100005;588.950000000;2;9581455496;S
20240209;100005;589.000000000;1;9581455498;B
20240209;100005;589.000000000;2;9581455500;B
20240209;100005;589.000000000;1;9581455502;B
20240209;100005;589.000000000;1;9581455505;B
20240209;100005;589.000000000;1;9581455507;B
20240209;100005;589.000000000;2;9581455508;B
20240209;100005;589.000000000;2;9581455522;B
20240209;100005;588.950000000;2;9581455523;S
20240209;100005;589.000000000;1;9581455526;B
20240209;100005;588.950000000;4;9581455531;S
20240209;100005;588.950000000;2;9581455538;S
20240209;100005;589.000000000;2;9581455541;B
20240209;100005;589.000000000;1;9581455549;B
20240209;100005;588.950000000;1;9581455550;S
20240209;100005;589.000000000;2;9581455861;B
20240209;100006;588.950000000;1;9581456005;S
20240209;100006;589.000000000;2;9581456218;B
20240209;100006;589.000000000;1;9581456220;B
20240209;100006;589.000000000;2;9581456224;B
20240209;100006;589.000000000;1;9581456228;B
20240209;100006;588.950000000;2;9581456231;S
20240209;100006;589.000000000;1;9581456234;B
20240209;100006;589.000000000;1;9581456237;B
20240209;100006;589.000000000;2;9581456245;B
20240209;100006;588.950000000;2;9581456542;S
20240209;100006;588.950000000;1;9581456544;S
20240209;100006;589.000000000;1;9581456545;B
20240209;100006;589.000000000;2;9581456548;B
20240209;100006;589.000000000;1;9581456549;B
20240209;100006;589.000000000;2;9581456551;B
20240209;100006;589.000000000;2;9581456553;B
20240209;100006;589.000000000;1;9581456555;B
20240209;100006;589.000000000;1;9581456556;B
20240209;100006;588.950000000;2;9581456596;S
20240209;100006;588.950000000;2;9581456605;S
20240209;100006;588.950000000;2;9581456627;S
20240209;100006;589.000000000;1;9581456632;B
20240209;100006;588.950000000;1;9581456643;S
20240209;100006;588.950000000;2;9581456706;S
20240209;100006;589.000000000;3;9581456734;B
20240209;100006;588.950000000;1;9581456762;S
20240209;100006;589.000000000;2;9581456962;B
20240209;100006;589.000000000;6;9581456963;B
20240209;100006;589.000000000;2;9581456964;B
20240209;100006;589.000000000;1;9581456965;B
20240209;100006;589.000000000;1;9581456966;B
20240209;100006;588.950000000;2;9581456967;S
20240209;100006;589.000000000;2;9581457038;B
20240209;100006;589.000000000;1;9581457045;B
20240209;100006;589.000000000;1;9581457046;B
20240209;100006;589.000000000;1;9581457049;B
20240209;100006;589.000000000;2;9581457059;B
20240209;100006;588.950000000;35;9581457068;S
20240209;100006;588.950000000;4;9581457072;S
20240209;100006;588.950000000;2;9581457077;S
20240209;100006;588.950000000;1;9581457150;S
20240209;100006;588.950000000;1;9581457369;S
20240209;100006;588.950000000;2;9581457440;S
20240209;100006;589.000000000;2;9581457462;B
20240209;100006;589.000000000;1;9581457488;B
20240209;100006;589.000000000;2;9581457489;B
20240209;100006;589.000000000;2;9581457516;B
20240209;100007;588.950000000;1;9581457611;S
20240209;100007;588.950000000;53;9581457822;S
20240209;100007;588.950000000;98;9581457823;S
20240209;100007;589.000000000;1;9581457869;B
20240209;100007;589.000000000;1;9581457871;B
20240209;100007;588.950000000;148;9581457874;S
20240209;100007;588.950000000;352;9581457875;S
20240209;100007;588.950000000;4;9581457878;S
20240209;100007;589.000000000;2;9581457880;B
20240209;100007;588.950000000;144;9581458010;S
20240209;100007;588.950000000;500;9581458011;S
20240209;100007;588.950000000;216;9581458012;S
20240209;100007;589.000000000;1;9581458083;B
20240209;100007;588.950000000;1;9581458085;S
20240209;100007;588.950000000;1;9581458086;S
20240209;100007;588.950000000;2;9581458088;S
20240209;100007;588.950000000;2;9581458089;S
20240209;100007;588.950000000;25;9581458090;S
20240209;100007;588.950000000;5;9581458091;S
20240209;100007;589.000000000;1;9581458092;B
20240209;100007;589.000000000;1;9581458093;B
20240209;100007;588.950000000;21;9581458094;S
20240209;100007;588.950000000;3;9581458095;S
20240209;100007;589.000000000;1;9581458096;B
20240209;100007;589.000000000;1;9581458097;B
20240209;100007;588.950000000;1;9581458230;S
20240209;100007;588.950000000;5;9581458232;S
20240209;100007;588.950000000;3;9581458233;S
20240209;100007;588.950000000;49;9581458234;S
20240209;100007;588.950000000;1;9581458308;S
20240209;100007;588.950000000;2;9581458309;S
20240209;100007;588.950000000;19;9581458310;S
20240209;100007;589.000000000;1;9581458332;B
20240209;100007;588.950000000;2;9581458333;S
20240209;100007;588.950000000;1;9581458334;S
20240209;100007;589.000000000;2;9581458335;B
20240209;100007;588.950000000;1;9581458339;S
20240209;100007;589.000000000;3;9581458345;B
20240209;100007;588.950000000;2;9581458434;S
20240209;100007;588.950000000;20;9581458435;S
20240209;100007;588.950000000;3;9581458436;S
20240209;100007;588.950000000;1;9581458448;S
20240209;100007;588.950000000;12;9581458449;S
20240209;100007;589.000000000;1;9581458532;B
20240209;100007;589.000000000;1;9581458533;B
20240209;100007;588.950000000;2;9581458534;S
20240209;100007;589.000000000;2;9581458537;B
20240209;100007;588.950000000;2;9581458538;S
20240209;100007;588.950000000;2;9581458613;S
20240209;100007;588.950000000;6;9581458760;S
20240209;100007;588.950000000;11;9581458761;S
20240209;100007;588.950000000;79;9581458762;S
20240209;100007;588.950000000;6;9581458763;S
20240209;100007;588.950000000;1;9581458815;S
20240209;100007;588.950000000;7;9581458816;S
20240209;100007;588.950000000;1;9581458817;S
20240209;100008;588.950000000;4;9581458924;S
20240209;100008;589.000000000;1;9581458968;B
20240209;100008;589.000000000;2;9581458970;B
20240209;100008;589.000000000;2;9581458971;B
20240209;100008;588.950000000;1;9581458975;S
20240209;100008;588.950000000;12;9581458976;S
20240209;100008;588.950000000;1;9581458977;S
20240209;100008;588.950000000;136;9581459030;S
20240209;100008;588.950000000;1;9581459031;S
20240209;100008;588.950000000;7;9581459032;S
20240209;100008;588.950000000;4;9581459138;S
20240209;100008;588.950000000;6;9581459139;S
20240209;100008;588.950000000;45;9581459140;S
20240209;100008;588.950000000;2;9581459141;S
20240209;100008;588.950000000;100;9581459176;S
20240209;100008;588.950000000;100;9581459177;S
20240209;100008;588.950000000;66;9581459178;S
20240209;100008;588.950000000;34;9581459179;S
20240209;100008;588.950000000;100;9581459180;S
20240209;100008;588.950000000;136;9581459188;S
20240209;100008;588.950000000;13;9581459235;S
20240209;100008;588.950000000;1;9581459236;S
20240209;100008;588.950000000;2;9581459274;S
20240209;100008;588.950000000;1;9581459275;S
20240209;100008;588.950000000;11;9581459276;S
20240209;100008;588.950000000;1;9581459280;S
20240209;100008;588.950000000;1;9581459281;S
20240209;100008;588.950000000;7;9581459282;S
20240209;100008;588.950000000;1;9581459321;S
20240209;100008;588.950000000;2;9581459322;S
20240209;100008;588.950000000;27;9581459323;S
20240209;100008;588.950000000;22;9581459432;S
20240209;100008;589.000000000;2;9581459437;B
20240209;100008;589.000000000;1;9581459442;B
20240209;100008;589.000000000;2;9581459443;B
20240209;100008;589.000000000;2;9581459448;B
20240209;100008;588.950000000;2;9581459550;S
20240209;100008;588.950000000;3;9581459559;S
20240209;100008;588.950000000;2;9581459560;S
20240209;100008;589.000000000;2;9581459563;B
20240209;100008;589.000000000;51;9581459564;B
20240209;100008;588.950000000;134;9581459581;S
20240209;100008;588.900000000;100;9581459583;S
20240209;100008;588.850000000;397;9581459586;S
20240209;100008;588.850000000;103;9581459587;S
20240209;100008;588.850000000;441;9581459588;S
20240209;100008;588.850000000;500;9581459589;S
20240209;100008;588.850000000;500;9581459590;S
20240209;100008;588.550000000;1027;9581459594;S
20240209;100008;588.300000000;30;9581459605;S
20240209;100008;588.300000000;170;9581459606;S
20240209;100008;588.300000000;3;9581459617;B
20240209;100008;588.150000000;12;9581459621;S
20240209;100008;588.150000000;88;9581459622;S
20240209;100008;588.150000000;300;9581459626;S
20240209;100008;588.150000000;100;9581459628;S
20240209;100008;588.150000000;12;9581459634;S
20240209;100008;588.150000000;20;9581459660;B
20240209;100008;588.150000000;100;9581459679;B
20240209;100008;588.100000000;3;9581459834;S
20240209;100008;588.150000000;2;9581459844;B
20240209;100008;588.150000000;1;9581459845;B
20240209;100008;588.100000000;2;9581459846;S
20240209;100008;588.150000000;1;9581459847;B
20240209;100008;588.150000000;1;9581459848;B
20240209;100008;588.150000000;4;9581459849;B
20240209;100008;588.100000000;2;9581459889;S
20240209;100009;588.350000000;100;9581459904;S
20240209;100009;588.150000000;100;9581459906;B
20240209;100009;588.150000000;2;9581460351;B
20240209;100009;588.150000000;1;9581460352;B
20240209;100009;588.150000000;1;9581460353;B
20240209;100009;588.150000000;3;9581460355;B
20240209;100010;588.100000000;78;9581460581;S
20240209;100010;588.100000000;15;9581460636;S
20240209;100010;588.000000000;49;9581460637;S
20240209;100010;588.000000000;100;9581460638;S
20240209;100010;588.350000000;1;9581460723;B
20240209;100010;588.000000000;1;9581460724;S
20240209;100010;588.350000000;1;9581460726;B
20240209;100012;588.400000000;1;9581462531;B
20240209;100015;588.500000000;100;9581463549;B
20240209;100016;588.200000000;65;9581464247;B
20240209;100017;588.450000000;13;9581464728;B
20240209;100018;588.550000000;100;9581465470;B
20240209;100019;588.200000000;2;9581465701;S
20240209;100019;588.450000000;460;9581466027;B
20240209;100020;588.450000000;1;9581466164;B
20240209;100020;588.450000000;18;9581466220;B
20240209;100020;588.200000000;63;9581466239;S
20240209;100020;588.050000000;937;9581466240;S
20240209;100020;588.350000000;5;9581466428;B
20240209;100021;588.350000000;12;9581466460;B
20240209;100022;588.200000000;3;9581466916;S
20240209;100025;588.450000000;20;9581467942;B
20240209;100025;588.450000000;100;9581468053;B
20240209;100027;588.450000000;48;9581468281;B
20240209;100028;588.450000000;3;9581468483;B
20240209;100028;588.200000000;19;9581468510;S
20240209;100028;588.200000000;10;9581468511;S
20240209;100028;588.050000000;1;9581468512;S
20240209;100028;588.200000000;32;9581468678;S
20240209;100029;588.400000000;1;9581468807;B
20240209;100030;588.200000000;26;9581469229;S
20240209;100030;588.050000000;84;9581469230;S
20240209;100030;588.000000000;189;9581469231;S
20240209;100030;588.050000000;1;9581469241;S
20240209;100031;588.500000000;71;9581469385;B
20240209;100032;588.550000000;50;9581469653;B
20240209;100033;588.550000000;2;9581469943;B
20240209;100033;588.150000000;4;9581469946;S
20240209;100036;588.150000000;3;9581470534;S
20240209;100036;588.550000000;1;9581470537;B
20240209;100036;588.550000000;7;9581470538;B
20240209;100037;588.550000000;2;9581470721;B
20240209;100038;588.550000000;300;9581470971;B
20240209;100039;588.600000000;1;9581471148;B
20240209;100040;588.150000000;6;9581471341;S
20240209;100040;588.150000000;5;9581471382;S
20240209;100040;588.600000000;1;9581471476;B
20240209;100041;588.600000000;14;9581471481;B
20240209;100043;588.600000000;3;9581471892;B
20240209;100043;588.600000000;1;9581472188;B
20240209;100044;588.150000000;1;9581472335;S
20240209;100046;588.150000000;137;9581473134;S
20240209;100046;588.100000000;4;9581473135;S
20240209;100048;588.150000000;1;9581473693;S
20240209;100048;588.600000000;1;9581473851;B
20240209;100049;588.150000000;26;9581473975;S
20240209;100050;588.550000000;1;9581474182;B
20240209;100051;588.450000000;5;9581474365;B
20240209;100053;588.550000000;3;9581474682;S
20240209;100053;588.600000000;2;9581474956;B
20240209;100054;588.650000000;1;9581475159;B
20240209;100054;588.700000000;3;9581475160;B
20240209;100054;588.400000000;1;9581475396;S
20240209;100054;588.200000000;2;9581475397;S
20240209;100055;588.200000000;22;9581475499;S
20240209;100055;588.200000000;17;9581475500;S
20240209;100055;588.200000000;13;9581475583;S
20240209;100057;588.250000000;10;9581476154;S
20240209;100057;588.200000000;30;9581476155;S
20240209;100057;588.200000000;15;9581476156;S
20240209;100057;588.600000000;1;9581476202;B
20240209;100057;588.200000000;3;9581476215;S
20240209;100058;588.200000000;2;9581476279;S
20240209;100058;588.600000000;1;9581476446;B
20240209;100058;588.650000000;299;9581476447;B
20240209;100100;588.600000000;1;9581476640;B
20240209;100100;588.650000000;21;9581476641;B
20240209;100100;588.200000000;7;9581476825;S
20240209;100101;588.550000000;16;9581476868;B
20240209;100102;588.550000000;3;9581477146;B
20240209;100102;588.250000000;10;9581477166;S
20240209;100105;588.250000000;17;9581477790;S
20240209;100106;588.250000000;77;9581477913;S
20240209;100106;588.550000000;4;9581478064;B
20240209;100108;588.450000000;100;9581478501;B
20240209;100109;588.250000000;31;9581479039;S
20240209;100109;588.250000000;219;9581479040;S
20240209;100111;588.500000000;174;9581479482;B
20240209;100112;588.250000000;2;9581479696;S
20240209;100116;588.600000000;2;9581480347;B
20240209;100116;588.450000000;61;9581480416;S
20240209;100117;588.850000000;1;9581480631;B
20240209;100118;588.850000000;6;9581480731;B
20240209;100118;588.600000000;10;9581480733;S
20240209;100118;588.600000000;10;9581480734;S
20240209;100119;588.600000000;4;9581481055;S
20240209;100122;588.850000000;5;9581481366;B
20240209;100122;588.900000000;3;9581481367;B
20240209;100125;588.850000000;1;9581481882;B
20240209;100126;588.850000000;1;9581482048;B
20240209;100128;588.850000000;20;9581482253;B
20240209;100128;588.850000000;6;9581482291;B
20240209;100129;588.700000000;44;9581482598;S
20240209;100130;588.850000000;1;9581482623;B
20240209;100134;588.800000000;1;9581483442;S
20240209;100136;588.850000000;5;9581483659;B
20240209;100137;588.800000000;4;9581483802;S
20240209;100137;588.800000000;131;9581483816;S
20240209;100138;588.800000000;1;9581484084;B
20240209;100139;588.750000000;10;9581484228;S
20240209;100139;588.750000000;135;9581484229;S
20240209;100140;588.750000000;1;9581484312;B
20240209;100141;588.700000000;84;9581484513;B
20240209;100141;588.700000000;2;9581484522;B
20240209;100144;588.750000000;54;9581485039;B
20240209;100144;588.800000000;95;9581485040;B
20240209;100144;588.850000000;1;9581485041;B
20240209;100144;588.850000000;25;9581485042;B
20240209;100144;588.900000000;99;9581485043;B
20240209;100144;588.900000000;30;9581485044;B
20240209;100144;588.950000000;96;9581485045;B
20240209;100145;588.650000000;2;9581485197;S
20240209;100146;588.700000000;2;9581485277;B
20240209;100147;588.700000000;2;9581485439;B
20240209;100147;588.650000000;2;9581485512;S
20240209;100148;588.700000000;5;9581485623;B
20240209;100150;588.700000000;3;9581485976;B
20240209;100153;588.600000000;1;9581486612;S
20240209;100153;588.550000000;1;9581486613;S
20240209;100156;588.600000000;9;9581487120;B
20240209;100157;588.550000000;3;9581487244;S
20240209;100158;588.550000000;1;9581487315;S
20240209;100200;588.600000000;71;9581487545;B
20240209;100200;588.600000000;100;9581487546;B
20240209;100200;588.600000000;100;9581487550;B
20240209;100200;588.600000000;50;9581487552;B
20240209;100200;588.600000000;132;9581487553;B
20240209;100200;588.650000000;1;9581487696;S
20240209;100201;588.700000000;20;9581487726;B
20240209;100201;588.700000000;1;9581487741;S
20240209;100201;588.800000000;1;9581487746;B
20240209;100202;588.800000000;79;9581487973;B
20240209;100202;588.800000000;100;9581487974;B
20240209;100202;588.800000000;200;9581487975;B
20240209;100202;588.800000000;18;9581487976;B
20240209;100202;588.800000000;16;9581487978;B
20240209;100202;588.800000000;184;9581487980;S
20240209;100202;588.800000000;99;9581487981;S
20240209;100202;588.850000000;1;9581488098;B
20240209;100203;588.850000000;63;9581488131;B
20240209;100204;588.900000000;38;9581488451;B
20240209;100207;588.700000000;1;9581488979;S
20240209;100207;588.850000000;2;9581489053;B
20240209;100210;588.800000000;2;9581489474;B
20240209;100212;588.750000000;3;9581489762;S
20240209;100213;588.750000000;3;9581489931;S
20240209;100214;588.750000000;3;9581490002;S
20240209;100214;588.750000000;3;9581490099;S
20240209;100215;588.800000000;5;9581490218;B
20240209;100215;588.750000000;16;9581490304;S
20240209;100215;588.800000000;2;9581490342;B
20240209;100215;588.800000000;8;9581490408;B
20240209;100217;588.750000000;98;9581490574;S
20240209;100218;588.550000000;16;9581490842;S
20240209;100218;588.500000000;50;9581490843;S
20240209;100218;588.500000000;3;9581490844;S
20240209;100218;588.450000000;46;9581490845;S
20240209;100219;588.500000000;8;9581492108;S
20240209;100219;588.400000000;15;9581492109;S
20240209;100219;588.400000000;23;9581492110;S
20240209;100219;588.400000000;54;9581492111;S
20240209;100220;588.700000000;2;9581492218;B
20240209;100222;588.600000000;3;9581492840;S
20240209;100222;588.600000000;3;9581492891;S
20240209;100222;588.700000000;1;9581492921;B
20240209;100226;588.700000000;1;9581493445;B
20240209;100230;588.650000000;1;9581494115;B
20240209;100230;588.650000000;4;9581494143;B
20240209;100230;588.600000000;5;9581494283;S
20240209;100231;588.600000000;3;9581494305;S
20240209;100231;588.650000000;90;9581494322;B
20240209;100232;588.600000000;3;9581494593;S
20240209;100233;588.650000000;21;9581494622;B
20240209;100233;588.600000000;3;9581494656;S
20240209;100233;588.600000000;3;9581494689;S
20240209;100234;588.600000000;4;9581494748;S
20240209;100234;588.650000000;3;9581494785;B
20240209;100237;588.650000000;1;9581495243;B
20240209;100237;588.650000000;1;9581495308;B
20240209;100238;588.600000000;5;9581495311;S
20240209;100238;588.650000000;4;9581495317;B
20240209;100239;588.600000000;57;9581495540;S
20240209;100241;588.650000000;16;9581495858;B
20240209;100242;588.650000000;4;9581495989;B
20240209;100242;588.650000000;4;9581496000;B
20240209;100242;588.650000000;1;9581496013;B
20240209;100242;588.650000000;1;9581496019;B
20240209;100243;588.600000000;1;9581496107;S
20240209;100243;588.600000000;2;9581496159;S
20240209;100243;588.650000000;2;9581496173;B
20240209;100244;588.650000000;17;9581496274;B
20240209;100244;588.650000000;5;9581496275;B
20240209;100244;588.650000000;5;9581496285;B
20240209;100245;588.600000000;3;9581496371;S
20240209;100248;588.600000000;10;9581496720;S
20240209;100249;588.650000000;10;9581496839;B
20240209;100250;588.700000000;1;9581497022;B
20240209;100251;588.650000000;4;9581497130;S
20240209;100251;588.650000000;7;9581497239;S
20240209;100252;588.700000000;10;9581497332;B
20240209;100253;588.650000000;1;9581497379;S
20240209;100253;588.700000000;1;9581497396;B
20240209;100253;588.650000000;2;9581497398;S
20240209;100253;588.650000000;11;9581497439;S
20240209;100253;588.650000000;4;9581497440;S
20240209;100255;588.650000000;2;9581497647;S
20240209;100257;588.650000000;3;9581497916;B
20240209;100257;588.650000000;3;9581497950;B
20240209;100257;588.650000000;3;9581497968;B
20240209;100258;588.650000000;4;9581498028;B
20240209;100258;588.650000000;2;9581498120;B
20240209;100259;588.600000000;1;9581498165;S
20240209;100259;588.650000000;3;9581498203;B
20240209;100300;588.650000000;2;9581498283;B
20240209;100300;588.650000000;2;9581498284;B
20240209;100300;588.700000000;5;9581498285;B
20240209;100300;588.650000000;2;9581498315;S
20240209;100300;588.650000000;5;9581498316;S
20240209;100301;588.650000000;1;9581498442;B
20240209;100301;588.650000000;1;9581498453;B
20240209;100301;588.650000000;1;9581498470;B
20240209;100301;588.650000000;2;9581498502;B
20240209;100302;588.600000000;1;9581498517;S
20240209;100302;588.600000000;200;9581498520;S
20240209;100302;588.600000000;103;9581498521;S
20240209;100302;588.500000000;1;9581498522;S
20240209;100302;588.300000000;135;9581498524;S
20240209;100303;588.250000000;31;9581498739;S
20240209;100303;588.250000000;52;9581498745;S
20240209;100303;588.250000000;100;9581498746;S
20240209;100303;588.250000000;97;9581498747;S
20240209;100303;588.500000000;1;9581498757;B
20240209;100303;588.550000000;15;9581498798;B
20240209;100307;588.650000000;5;9581499546;B
20240209;100308;588.400000000;2;9581499730;S
20240209;100309;588.650000000;2;9581499758;B
20240209;100309;588.550000000;10;9581499891;B
20240209;100314;588.550000000;4;9581501271;B
20240209;100315;588.400000000;58;9581501397;S
20240209;100315;588.550000000;4;9581501409;B
20240209;100318;588.400000000;19;9581501844;S
20240209;100318;588.300000000;40;9581501848;S
20240209;100320;588.400000000;5;9581502061;B
20240209;100321;588.400000000;10;9581502240;B
20240209;100321;588.300000000;5;9581502310;S
20240209;100321;588.400000000;3;9581502317;B
20240209;100325;588.300000000;37;9581502708;S
20240209;100327;588.400000000;33;9581503215;B
20240209;100327;588.400000000;3;9581503216;B
20240209;100327;588.550000000;14;9581503217;B
20240209;100328;588.550000000;26;9581503470;B
20240209;100330;588.550000000;200;9581503718;B
20240209;100330;588.300000000;2;9581503790;S
20240209;100332;588.300000000;1;9581503949;S
20240209;100340;588.300000000;1;9581505249;S
20240209;100341;588.550000000;1;9581505287;B
20240209;100342;588.450000000;30;9581505462;B
20240209;100342;588.550000000;4;9581505463;B
20240209;100346;588.300000000;6;9581505942;S
20240209;100351;588.500000000;2;9581506765;B
20240209;100351;588.550000000;48;9581506766;B
20240209;100354;588.400000000;1;9581507168;S
20240209;100354;588.400000000;2;9581507169;S
20240209;100357;588.500000000;38;9581507640;B
20240209;100401;588.500000000;1;9581508254;B
20240209;100401;588.500000000;9;9581508255;B
20240209;100402;588.550000000;50;9581508307;B
20240209;100402;588.550000000;5;9581508312;B
20240209;100404;588.500000000;9;9581508539;B
20240209;100404;588.500000000;1;9581508545;B
20240209;100407;588.500000000;5;9581508882;B
20240209;100407;588.350000000;1;9581508914;S
20240209;100409;588.500000000;3;9581509052;B
20240209;100409;588.350000000;50;9581509185;S
20240209;100414;588.500000000;2;9581509707;B
20240209;100414;588.500000000;1;9581509821;B
20240209;100418;588.500000000;5;9581510486;B
20240209;100427;588.350000000;30;9581511680;S
20240209;100427;588.500000000;110;9581511746;B
20240209;100428;588.300000000;4;9581511826;S
20240209;100431;588.500000000;34;9581512275;B
20240209;100432;588.500000000;1;9581512502;S
20240209;100432;588.500000000;4;9581512567;S
20240209;100434;588.550000000;2;9581512791;B
20240209;100435;588.550000000;3;9581512912;B
20240209;100435;588.500000000;2;9581512919;S
20240209;100438;588.500000000;10;9581513333;S
20240209;100439;588.550000000;5;9581513380;B
20240209;100439;588.550000000;5;9581513481;B
20240209;100440;588.550000000;5;9581513516;B
20240209;100440;588.600000000;49;9581513586;B
20240209;100445;588.600000000;1;9581514125;B
20240209;100447;588.500000000;5;9581514390;S
20240209;100447;588.500000000;39;9581514391;S
20240209;100447;588.600000000;2;9581514422;B
20240209;100449;588.550000000;1;9581514652;S
20240209;100449;588.550000000;2;9581514653;S
20240209;100451;588.600000000;4;9581514997;B
20240209;100452;588.550000000;133;9581515183;S
20240209;100453;588.450000000;3;9581515340;S
20240209;100453;588.450000000;2;9581515358;S
20240209;100455;588.450000000;130;9581515590;S
20240209;100455;588.400000000;1;9581515591;S
20240209;100455;588.350000000;135;9581515592;S
20240209;100456;588.300000000;5;9581515624;S
20240209;100459;588.300000000;37;9581515908;S
20240209;100459;588.300000000;1;9581515909;S
20240209;100459;588.250000000;26;9581515910;S
20240209;100459;588.400000000;1;9581515972;B
20240209;100500;588.250000000;2;9581516052;S
20240209;100501;588.400000000;4;9581516216;B
20240209;100503;588.300000000;2;9581516545;B
20240209;100505;588.300000000;28;9581517418;B
20240209;100505;588.350000000;72;9581517419;B
20240209;100506;588.250000000;186;9581518080;S
20240209;100507;588.350000000;1;9581518158;B
20240209;100507;588.450000000;160;9581518245;B
20240209;100509;588.250000000;27;9581518629;S
20240209;100509;588.250000000;650;9581518630;S
20240209;100509;588.250000000;1;9581518677;S
20240209;100509;588.250000000;1;9581518746;S
20240209;100510;588.250000000;1;9581518843;S
20240209;100510;588.250000000;2;9581518849;S
20240209;100510;588.250000000;1;9581518866;S
20240209;100511;588.400000000;100;9581519114;B
20240209;100513;588.250000000;823;9581519609;S
20240209;100513;588.250000000;100;9581519610;S
20240209;100513;588.250000000;10;9581519611;S
20240209;100514;588.300000000;5;9581519775;B
20240209;100515;588.200000000;1;9581519907;S
20240209;100517;588.150000000;50;9581520356;S
20240209;100518;588.200000000;2;9581520433;B
20240209;100518;588.250000000;2;9581520482;B
20240209;100519;588.000000000;1;9581520597;S
20240209;100524;588.100000000;100;9581521382;B
20240209;100524;588.000000000;7;9581521507;S
20240209;100524;588.000000000;1;9581521508;S
20240209;100524;588.000000000;15;9581521509;S
20240209;100528;588.000000000;78;9581522365;S
20240209;100528;588.000000000;2;9581522488;S
20240209;100529;588.000000000;1;9581522507;S
20240209;100529;588.000000000;9;9581522610;S
20240209;100530;588.000000000;5;9581522698;S
20240209;100530;588.000000000;13;9581522770;S
20240209;100530;588.000000000;1;9581522772;S
20240209;100530;588.000000000;4;9581522773;S
20240209;100530;588.000000000;1872;9581522820;S
20240209;100530;587.850000000;3;9581522821;S
20240209;100530;587.800000000;81;9581522823;S
20240209;100530;587.800000000;40;9581522824;S
20240209;100530;587.800000000;2;9581522825;S
20240209;100530;587.800000000;12;9581522827;S
20240209;100530;587.750000000;1;9581522838;S
20240209;100531;587.750000000;1;9581523232;S
20240209;100531;587.750000000;1;9581523233;S
20240209;100531;587.750000000;1;9581523234;S
20240209;100531;587.750000000;1;9581523235;S
20240209;100531;587.750000000;2;9581523236;S
20240209;100531;587.750000000;1;9581523237;S
20240209;100531;587.750000000;2;9581523238;S
20240209;100531;587.750000000;2;9581523239;S
20240209;100531;587.750000000;4;9581523240;S
20240209;100531;587.750000000;2;9581523241;S
20240209;100531;587.750000000;24;9581523242;S
20240209;100531;587.750000000;1;9581523243;S
20240209;100531;587.750000000;2;9581523244;S
20240209;100531;587.750000000;2;9581523245;S
20240209;100531;587.750000000;1;9581523246;S
20240209;100531;587.750000000;1;9581523247;S
20240209;100531;587.750000000;2;9581523248;S
20240209;100531;587.750000000;1;9581523249;S
20240209;100531;587.750000000;2;9581523250;S
20240209;100531;587.750000000;2;9581523251;S
20240209;100531;587.750000000;4;9581523252;S
20240209;100531;587.750000000;4;9581523253;S
20240209;100531;587.750000000;1;9581523254;S
20240209;100531;587.750000000;1;9581523255;S
20240209;100531;587.750000000;1;9581523256;S
20240209;100531;587.750000000;9;9581523257;S
20240209;100531;587.750000000;1;9581523258;S
20240209;100531;587.750000000;3;9581523259;S
20240209;100531;587.750000000;164;9581523260;S
20240209;100531;587.700000000;1;9581523263;S
20240209;100531;587.700000000;5;9581523264;S
20240209;100531;587.700000000;136;9581523265;S
20240209;100532;587.750000000;100;9581523357;B
20240209;100532;587.750000000;8;9581523358;B
20240209;100532;587.750000000;92;9581523359;B
20240209;100532;587.700000000;100;9581523360;S
20240209;100532;587.700000000;11;9581523363;S
20240209;100532;587.700000000;89;9581523364;S
20240209;100532;587.600000000;673;9581523491;S
20240209;100532;587.900000000;20;9581523586;B
20240209;100533;587.900000000;8;9581523632;B
20240209;100533;587.700000000;4;9581523634;S
20240209;100533;587.700000000;2;9581523635;S
20240209;100534;587.600000000;22;9581523914;S
20240209;100536;587.650000000;1;9581524332;B
20240209;100537;587.650000000;1;9581524929;B
20240209;100538;587.600000000;1;9581525737;S
20240209;100538;587.600000000;2;9581525738;S
20240209;100538;587.600000000;1302;9581525739;S
20240209;100538;587.600000000;88;9581525740;S
20240209;100538;587.550000000;1;9581525746;S
20240209;100538;587.550000000;2;9581525747;S
20240209;100538;587.600000000;100;9581525748;B
20240209;100540;587.650000000;1;9581526208;B
20240209;100542;587.500000000;5;9581527305;S
20240209;100542;587.500000000;9;9581527306;S
20240209;100542;587.500000000;1;9581527307;S
20240209;100542;587.500000000;1;9581527308;S
20240209;100542;587.500000000;1;9581527309;S
20240209;100542;587.500000000;81;9581527310;S
20240209;100542;587.500000000;3;9581527311;S
20240209;100542;587.500000000;3;9581527312;S
20240209;100542;587.500000000;3;9581527313;S
20240209;100542;587.500000000;3;9581527314;S
20240209;100542;587.500000000;3;9581527315;S
20240209;100542;587.500000000;3;9581527316;S
20240209;100542;587.500000000;3;9581527317;S
20240209;100542;587.500000000;3;9581527318;S
20240209;100542;587.500000000;2;9581527319;S
20240209;100542;587.500000000;1;9581527520;B
20240209;100543;587.400000000;20;9581527628;S
20240209;100543;587.400000000;25;9581527771;S
20240209;100544;587.500000000;1;9581528188;B
20240209;100545;587.500000000;13;9581528358;B
20240209;100545;587.500000000;59;9581528499;B
20240209;100546;587.600000000;42;9581528652;B
20240209;100546;587.400000000;300;9581528815;S
20240209;100546;587.400000000;100;9581528816;S
20240209;100546;587.450000000;36;9581528821;B
20240209;100548;587.350000000;6;9581529822;S
20240209;100548;587.350000000;3;9581529823;S
20240209;100548;587.350000000;3;9581529824;S
20240209;100548;587.350000000;3;9581529825;S
20240209;100548;587.350000000;3;9581529826;S
20240209;100548;587.300000000;5;9581529827;S
20240209;100548;587.300000000;3;9581529828;S
20240209;100548;587.300000000;3;9581529829;S
20240209;100548;587.300000000;108;9581529830;S
20240209;100548;587.200000000;60;9581529831;S
20240209;100549;587.550000000;30;9581530148;B
20240209;100552;587.500000000;23;9581531145;B
20240209;100552;587.500000000;150;9581531146;B
20240209;100553;587.650000000;1;9581531412;B
20240209;100554;587.650000000;24;9581531496;B
20240209;100554;587.650000000;25;9581531497;B
20240209;100554;587.650000000;3;9581531512;S
20240209;100554;587.750000000;40;9581531516;B
20240209;100555;587.650000000;10;9581531635;B
20240209;100555;587.750000000;190;9581531636;S
20240209;100555;587.450000000;110;9581531637;S
20240209;100555;587.450000000;100;9581531638;S
20240209;100558;587.400000000;20;9581532191;S
20240209;100558;587.400000000;3;9581532280;S
20240209;100558;587.400000000;1;9581532281;S
20240209;100558;587.350000000;136;9581532282;S
20240209;100558;587.300000000;136;9581532283;S
20240209;100558;587.300000000;48;9581532284;S
20240209;100558;587.250000000;136;9581532285;S
20240209;100558;587.100000000;1;9581532286;S
20240209;100558;587.100000000;6;9581532287;S
20240209;100558;587.100000000;331;9581532288;S
20240209;100558;587.050000000;2;9581532289;S
20240209;100559;587.150000000;7;9581532333;S
20240209;100559;587.150000000;2;9581532458;S
20240209;100602;587.150000000;20;9581533078;S
20240209;100603;587.100000000;1;9581533334;S
20240209;100606;587.050000000;1;9581534439;S
20240209;100606;587.050000000;27;9581534440;S
20240209;100607;587.050000000;30;9581534794;B
20240209;100607;587.150000000;30;9581534795;B
20240209;100607;587.150000000;40;9581534796;B
20240209;100610;587.050000000;3;9581535554;B
20240209;100611;587.050000000;2;9581535902;B
20240209;100612;587.000000000;1;9581536459;S
20240209;100612;587.000000000;3;9581536460;S
20240209;100612;587.000000000;197;9581536461;S
20240209;100612;587.000000000;5;9581536462;S
20240209;100612;587.000000000;1;9581536463;S
20240209;100612;587.000000000;20;9581536464;S
20240209;100612;587.000000000;1;9581536465;S
20240209;100612;587.000000000;5;9581536466;S
20240209;100612;587.000000000;5;9581536467;S
20240209;100612;587.000000000;1;9581536468;S
20240209;100612;586.950000000;1;9581536562;S
20240209;100612;586.950000000;3;9581536563;S
20240209;100612;586.950000000;4;9581536565;S
20240209;100612;586.950000000;1;9581536584;S
20240209;100613;586.950000000;42;9581536611;S
20240209;100613;586.900000000;1;9581536613;S
20240209;100613;586.900000000;1;9581536623;S
20240209;100613;586.900000000;2;9581536624;S
20240209;100613;586.900000000;2;9581536625;S
20240209;100613;586.900000000;1;9581536644;S
20240209;100613;586.900000000;5;9581536750;S
20240209;100613;586.900000000;1;9581536833;S
20240209;100613;586.900000000;1;9581536864;S
20240209;100613;586.900000000;31;9581536881;S
20240209;100613;586.900000000;5;9581536961;S
20240209;100613;586.850000000;100;9581536975;S
20240209;100613;586.850000000;6;9581536976;S
20240209;100613;586.850000000;50;9581536977;S
20240209;100613;586.800000000;50;9581537080;S
20240209;100613;586.750000000;50;9581537084;S
20240209;100613;586.700000000;17;9581537126;S
20240209;100613;586.700000000;50;9581537127;S
20240209;100613;586.700000000;104;9581537128;S
20240209;100613;586.700000000;100;9581537129;B
20240209;100613;586.650000000;1;9581537219;S
20240209;100613;586.650000000;24;9581537220;S
20240209;100613;586.650000000;26;9581537428;S
20240209;100613;586.650000000;26;9581537429;S
20240209;100613;586.700000000;1;9581537637;B
20240209;100614;586.650000000;3;9581537731;S
20240209;100614;586.650000000;23;9581537765;S
20240209;100614;586.650000000;3;9581537905;S
20240209;100614;586.700000000;1;9581538398;B
20240209;100615;586.600000000;20;9581538412;S
20240209;100615;586.600000000;31;9581538413;S
20240209;100615;586.800000000;2;9581538485;B
20240209;100615;586.800000000;1;9581538538;B
20240209;100615;586.750000000;45;9581538551;S
20240209;100615;586.700000000;1;9581538575;B
20240209;100615;586.700000000;1;9581538606;B
20240209;100615;586.650000000;32;9581538727;B
20240209;100615;586.650000000;80;9581538775;B
20240209;100615;586.700000000;10;9581539001;B
20240209;100616;586.700000000;46;9581539118;B
20240209;100618;586.650000000;2;9581539882;B
20240209;100618;586.650000000;2;9581539904;B
20240209;100619;586.650000000;4;9581540699;B
20240209;100620;586.600000000;2;9581541341;S
20240209;100620;586.650000000;1;9581541553;B
20240209;100621;586.650000000;39;9581541711;B
20240209;100621;586.650000000;36;9581541712;B
20240209;100621;586.700000000;25;9581541713;B
20240209;100622;586.600000000;30;9581542221;S
20240209;100623;586.650000000;2;9581542644;B
20240209;100623;586.600000000;99;9581542670;S
20240209;100624;586.600000000;100;9581543067;S
20240209;100624;586.600000000;2;9581543103;S
20240209;100625;586.600000000;2;9581543187;S
20240209;100625;586.650000000;1;9581543319;B
20240209;100627;586.600000000;4;9581544446;S
20240209;100628;586.650000000;3;9581544964;B
20240209;100628;586.650000000;9;9581545049;B
20240209;100628;586.600000000;30;9581545082;S
20240209;100628;586.600000000;1;9581545317;S
20240209;100631;586.650000000;3;9581546587;B
20240209;100631;586.600000000;5;9581546596;S
20240209;100632;586.600000000;13;9581546885;S
20240209;100632;586.650000000;112;9581546942;B
20240209;100632;586.650000000;10;9581546943;B
20240209;100632;586.700000000;10;9581547171;S
20240209;100633;586.800000000;13;9581547230;B
20240209;100633;586.600000000;110;9581547240;S
20240209;100634;586.800000000;5;9581547852;B
20240209;100634;586.800000000;1;9581547905;B
20240209;100635;586.700000000;100;9581548056;S
20240209;100635;586.800000000;81;9581548108;B
20240209;100636;586.950000000;87;9581548311;B
20240209;100638;587.000000000;43;9581548826;B
20240209;100638;587.000000000;2;9581548827;B
20240209;100638;587.000000000;1;9581548963;S
20240209;100639;587.100000000;12;9581548995;B
20240209;100639;587.250000000;1;9581549018;B
20240209;100639;587.250000000;1;9581549019;B
20240209;100639;587.000000000;1;9581549046;S
20240209;100639;587.000000000;27;9581549047;B
20240209;100639;587.200000000;3;9581549064;B
20240209;100640;587.250000000;25;9581549261;B
20240209;100640;587.400000000;100;9581549322;B
20240209;100643;587.000000000;50;9581550018;S
20240209;100647;587.350000000;10;9581551194;B
20240209;100651;587.100000000;5;9581551919;S
20240209;100651;587.000000000;41;9581551920;S
20240209;100652;587.000000000;3;9581552403;S
20240209;100653;587.000000000;3;9581552494;S
20240209;100653;587.000000000;3;9581552522;S
20240209;100653;587.000000000;2;9581552555;S
20240209;100653;586.900000000;2;9581552556;S
20240209;100655;587.000000000;9;9581553040;S
20240209;100659;587.100000000;414;9581553971;S
20240209;100659;587.050000000;5;9581553972;S
20240209;100659;587.050000000;90;9581553973;B
20240209;100659;587.050000000;1;9581553986;B
20240209;100659;587.000000000;4;9581554036;S
20240209;100659;587.000000000;70;9581554037;S
20240209;100659;587.000000000;200;9581554043;S
20240209;100659;587.000000000;100;9581554061;S
20240209;100700;587.050000000;55;9581554317;B
20240209;100700;587.050000000;41;9581554474;B
20240209;100700;587.050000000;2;9581554604;B
20240209;100700;587.050000000;92;9581554615;B
20240209;100702;587.050000000;274;9581555069;S
20240209;100702;587.150000000;87;9581555395;B
20240209;100703;587.200000000;5;9581555412;B
20240209;100703;587.200000000;50;9581555413;B
20240209;100704;587.300000000;28;9581555786;B
20240209;100706;587.050000000;101;9581556165;S
20240209;100706;587.050000000;429;9581556166;S
20240209;100708;587.050000000;10;9581556595;S
20240209;100710;587.200000000;8;9581556995;B
20240209;100710;587.500000000;10;9581557006;B
20240209;100713;587.350000000;50;9581557565;S
20240209;100713;587.300000000;99;9581557566;S
20240209;100713;587.200000000;33;9581557567;S
20240209;100713;587.550000000;8;9581557771;B
20240209;100714;587.550000000;20;9581557810;B
20240209;100714;587.250000000;100;9581557874;S
20240209;100716;587.400000000;5;9581558272;B
20240209;100716;587.450000000;42;9581558273;B
20240209;100718;587.400000000;1;9581558509;B
20240209;100718;587.400000000;6;9581558514;B
20240209;100718;587.400000000;1;9581558524;B
20240209;100718;587.350000000;20;9581558686;S
20240209;100721;587.350000000;8;9581559098;S
20240209;100722;587.400000000;1;9581559334;B
20240209;100724;587.350000000;22;9581559517;S
20240209;100724;587.300000000;31;9581559518;S
20240209;100725;587.200000000;10;9581559750;S
20240209;100726;587.350000000;57;9581559901;B
20240209;100727;587.300000000;2;9581560180;B
20240209;100729;587.350000000;5;9581560446;B
20240209;100729;587.350000000;23;9581560454;S
20240209;100731;587.400000000;1191;9581560972;B
20240209;100734;587.450000000;97;9581561446;S
20240209;100734;587.450000000;267;9581561447;S
20240209;100734;587.450000000;136;9581561448;S
20240209;100734;587.400000000;136;9581561449;S
20240209;100734;587.400000000;100;9581561450;S
20240209;100734;587.400000000;425;9581561451;S
20240209;100734;587.350000000;136;9581561452;S
20240209;100734;587.300000000;8;9581561453;S
20240209;100734;587.300000000;160;9581561454;S
20240209;100734;587.300000000;743;9581561455;B
20240209;100734;587.600000000;45;9581561456;B
20240209;100734;587.600000000;55;9581561457;B
20240209;100735;587.550000000;100;9581561594;S
20240209;100735;587.450000000;97;9581561595;S
20240209;100735;587.350000000;511;9581561596;S
20240209;100735;587.350000000;150;9581561597;S
20240209;100735;587.300000000;42;9581561598;S
20240209;100735;587.400000000;253;9581561642;B
20240209;100735;587.400000000;47;9581561643;B
20240209;100737;587.400000000;1;9581562259;B
20240209;100739;587.350000000;1;9581562858;S
20240209;100740;587.450000000;2;9581563412;S
20240209;100740;587.600000000;4;9581563444;B
20240209;100741;587.450000000;4;9581563483;S
20240209;100741;587.600000000;1;9581563736;B
20240209;100742;587.600000000;1;9581563926;B
20240209;100743;587.650000000;1;9581564105;B
20240209;100746;587.550000000;78;9581564635;S
20240209;100747;587.550000000;36;9581564918;S
20240209;100747;587.400000000;96;9581564919;S
20240209;100747;587.350000000;9;9581564920;S
20240209;100749;587.650000000;10;9581565242;B
20240209;100749;587.650000000;3;9581565251;B
20240209;100751;587.350000000;25;9581565701;S
20240209;100757;587.450000000;2;9581566508;S
20240209;100757;587.400000000;42;9581566509;S
20240209;100759;587.600000000;2;9581566928;B
20240209;100759;587.650000000;8;9581566929;B
20240209;100808;587.400000000;3;9581568073;S
20240209;100809;587.300000000;6;9581568367;S
20240209;100815;587.500000000;1;9581569460;S
20240209;100816;587.600000000;2;9581569626;B
20240209;100819;587.500000000;2;9581569925;S
20240209;100823;587.600000000;2;9581570724;B
20240209;100825;587.600000000;1;9581570936;B
20240209;100825;587.600000000;1;9581570937;B
20240209;100825;587.400000000;2;9581570955;S
20240209;100825;587.400000000;2;9581570956;S
20240209;100825;587.350000000;66;9581570957;S
20240209;100827;587.500000000;1;9581571191;B
20240209;100828;587.400000000;3;9581571283;S
20240209;100828;587.400000000;47;9581571284;S
20240209;100830;587.300000000;31;9581571632;S
20240209;100830;587.400000000;1;9581571678;B
20240209;100832;587.350000000;2;9581571971;S
20240209;100834;587.450000000;2;9581572284;B
20240209;100835;587.500000000;1;9581572479;B
20240209;100837;587.300000000;4;9581572699;S
20240209;100837;587.500000000;11;9581572731;B
20240209;100840;587.400000000;200;9581573245;B
20240209;100841;587.350000000;56;9581573327;S
20240209;100843;587.500000000;2;9581573728;B
20240209;100845;587.500000000;35;9581573982;B
20240209;100845;587.500000000;12;9581573983;B
20240209;100845;587.550000000;2;9581573984;B
20240209;100847;587.350000000;3;9581574287;S
20240209;100848;587.500000000;20;9581574403;B
20240209;100852;587.300000000;18;9581574993;S
20240209;100854;587.450000000;3;9581575379;B
20240209;100855;587.450000000;1;9581575517;B
20240209;100858;587.450000000;1;9581575944;B
20240209;100901;587.400000000;1;9581576349;S
20240209;100903;587.400000000;1;9581576510;S
20240209;100904;587.450000000;5;9581576709;B
20240209;100904;587.400000000;13;9581576783;S
20240209;100904;587.350000000;3;9581576784;S
20240209;100906;587.300000000;35;9581576926;S
20240209;100908;587.450000000;2;9581577317;B
20240209;100911;587.450000000;19;9581577586;B
20240209;100911;587.450000000;1;9581577587;B
20240209;100913;587.400000000;3;9581577798;B
20240209;100913;587.350000000;10;9581577844;S
20240209;100913;587.400000000;1;9581577863;B
20240209;100913;587.400000000;10;9581577866;B
20240209;100914;587.300000000;26;9581577911;S
20240209;100914;587.300000000;35;9581577926;S
20240209;100914;587.300000000;6;9581578030;S
20240209;100915;587.300000000;97;9581578061;S
20240209;100915;587.300000000;43;9581578062;S
20240209;100915;587.300000000;157;9581578087;S
20240209;100915;587.300000000;5;9581578088;S
20240209;100915;587.300000000;100;9581578089;S
20240209;100915;587.300000000;5;9581578090;B
20240209;100915;587.300000000;328;9581578091;B
20240209;100916;587.450000000;2;9581578198;B
20240209;100920;587.250000000;13;9581578739;S
20240209;100920;587.250000000;2;9581578792;S
20240209;100922;587.400000000;1;9581579108;B
20240209;100925;587.250000000;43;9581579449;S
20240209;100925;587.200000000;1;9581579450;S
20240209;100925;587.150000000;93;9581579451;S
20240209;100925;587.150000000;62;9581579452;S
20240209;100926;587.150000000;16;9581579617;S
20240209;100926;587.400000000;19;9581579699;B
20240209;100927;587.450000000;1;9581579718;B
20240209;100927;587.450000000;1;9581579719;B
20240209;100928;587.400000000;90;9581579851;S
20240209;100928;587.350000000;2;9581579858;S
20240209;100928;587.500000000;37;9581579941;B
20240209;100928;587.500000000;182;9581579942;B
20240209;100928;587.500000000;3;9581579943;B
20240209;100928;587.500000000;9;9581579944;B
20240209;100929;587.450000000;1;9581580049;S
20240209;100929;587.450000000;16;9581580050;S
20240209;100930;587.500000000;91;9581580174;S
20240209;100930;587.450000000;109;9581580175;S
20240209;100931;587.600000000;1;9581580319;B
20240209;100932;587.600000000;33;9581580558;B
20240209;100932;587.600000000;5;9581580559;B
20240209;100932;587.600000000;10;9581580560;B
20240209;100932;587.600000000;52;9581580561;B
20240209;100932;587.600000000;1;9581580562;B
20240209;100933;587.450000000;2;9581580589;S
20240209;100933;587.400000000;7;9581580590;S
20240209;100934;587.400000000;16;9581580745;S
20240209;100935;587.500000000;13;9581580865;B
20240209;100936;587.450000000;90;9581580915;S
20240209;100936;587.400000000;89;9581580916;S
20240209;100939;587.600000000;2;9581581454;B
20240209;100941;587.450000000;90;9581581604;S
20240209;100941;587.400000000;10;9581581605;S
20240209;100941;587.600000000;2;9581581662;B
20240209;100943;587.450000000;1;9581581912;S
20240209;100943;587.400000000;19;9581581913;S
20240209;100944;587.600000000;2;9581582022;B
20240209;100945;587.400000000;10;9581582152;S
20240209;100945;587.350000000;30;9581582153;S
20240209;100946;587.600000000;25;9581582357;B
20240209;100947;587.550000000;48;9581582402;S
20240209;100947;587.650000000;1;9581582422;B
20240209;100948;587.600000000;1;9581582534;B
20240209;100948;587.650000000;7;9581582637;B
20240209;100949;587.650000000;29;9581582685;B
20240209;100949;587.600000000;90;9581582726;S
20240209;100949;587.550000000;201;9581582727;S
20240209;100951;587.600000000;4;9581583168;B
20240209;100953;587.500000000;201;9581583334;S
20240209;100954;587.600000000;6;9581583517;B
20240209;100954;587.600000000;4;9581583518;B
20240209;100954;587.500000000;2;9581583528;S
20240209;100955;587.500000000;70;9581583665;S
20240209;100955;587.500000000;5;9581583713;S
20240209;100955;587.600000000;24;9581583769;B
20240209;100957;587.500000000;926;9581583989;S
20240209;100958;587.500000000;393;9581584103;S
20240209;101001;587.600000000;10;9581584463;B
20240209;101002;587.500000000;1;9581584588;S
20240209;101003;587.550000000;1;9581584685;B
20240209;101003;587.500000000;1;9581584714;S
20240209;101005;587.600000000;3;9581585005;B
20240209;101005;587.600000000;3;9581585024;B
20240209;101005;587.600000000;1;9581585043;B
20240209;101005;587.600000000;1;9581585044;B
20240209;101005;587.600000000;3;9581585048;B
20240209;101006;587.600000000;2;9581585082;B
20240209;101006;587.600000000;4;9581585096;B
20240209;101006;587.600000000;2;9581585106;B
20240209;101006;587.600000000;4;9581585139;B
20240209;101009;587.500000000;8;9581585512;S
20240209;101009;587.500000000;13;9581585600;S
20240209;101012;587.600000000;1;9581585975;B
20240209;101013;587.600000000;45;9581586117;B
20240209;101013;587.500000000;2;9581586138;S
20240209;101014;587.500000000;24;9581586169;S
20240209;101019;587.600000000;449;9581587233;B
20240209;101019;587.600000000;258;9581587234;B
20240209;101019;587.650000000;941;9581587235;B
20240209;101019;587.650000000;6;9581587236;B
20240209;101019;587.650000000;6;9581587237;B
20240209;101019;587.650000000;20;9581587238;B
20240209;101019;587.650000000;10;9581587239;B
20240209;101019;587.650000000;3;9581587240;B
20240209;101020;587.600000000;425;9581587348;S
20240209;101020;587.550000000;20;9581587349;S
20240209;101022;587.550000000;3;9581587859;S
20240209;101022;587.700000000;1;9581587995;B
20240209;101022;587.700000000;1;9581587996;B
20240209;101023;587.650000000;1;9581588074;S
20240209;101024;587.700000000;1;9581588277;B
20240209;101024;587.750000000;1;9581588278;B
20240209;101024;587.750000000;1;9581588279;B
20240209;101024;587.850000000;34;9581588280;B
20240209;101024;587.650000000;90;9581588311;S
20240209;101027;587.550000000;1;9581588798;S
20240209;101030;587.600000000;5;9581589234;S
20240209;101030;587.550000000;5;9581589243;S
20240209;101030;587.550000000;5;9581589274;S
20240209;101030;587.550000000;8;9581589299;S
20240209;101031;587.550000000;39;9581589346;S
20240209;101031;587.850000000;3;9581589366;B
20240209;101031;587.850000000;2;9581589378;B
20240209;101031;587.900000000;1;9581589379;B
20240209;101031;587.900000000;3;9581589443;B
20240209;101031;587.900000000;4;9581589483;B
20240209;101035;587.850000000;1;9581590064;B
20240209;101036;587.850000000;3;9581590340;B
20240209;101037;587.900000000;3;9581590538;B
20240209;101039;587.800000000;1;9581590813;S
20240209;101042;587.650000000;2;9581591086;S
20240209;101042;587.600000000;3;9581591087;S
20240209;101042;587.850000000;19;9581591136;S
20240209;101042;587.600000000;2;9581591137;S
20240209;101042;587.600000000;136;9581591138;S
20240209;101042;587.550000000;771;9581591139;S
20240209;101042;587.550000000;136;9581591140;S
20240209;101042;587.550000000;150;9581591141;S
20240209;101042;587.500000000;286;9581591142;S
20240209;101045;587.650000000;2;9581591646;B
20240209;101045;587.750000000;2;9581591647;B
20240209;101045;587.800000000;9;9581591648;B
20240209;101045;587.850000000;1;9581591681;B
20240209;101049;587.550000000;2;9581592252;S
20240209;101049;587.500000000;41;9581592253;S
20240209;101051;587.750000000;4;9581592449;B
20240209;101052;587.500000000;50;9581592953;S
20240209;101053;587.500000000;404;9581593097;S
20240209;101056;587.550000000;1;9581593819;S
20240209;101057;587.500000000;53;9581593968;S
20240209;101057;587.500000000;34;9581593976;S
20240209;101103;587.500000000;78;9581594936;S
20240209;101103;587.500000000;4;9581594937;S
20240209;101103;587.500000000;2;9581594938;S
20240209;101104;587.500000000;42;9581594967;S
20240209;101104;587.500000000;8;9581595004;S
20240209;101104;587.550000000;1;9581595082;B
20240209;101104;587.600000000;14;9581595083;B
20240209;101106;587.500000000;2;9581595344;S
20240209;101107;587.500000000;34;9581595400;S
20240209;101107;587.500000000;1;9581595459;S
20240209;101113;587.500000000;25;9581596433;S
20240209;101115;587.500000000;21;9581596560;S
20240209;101115;587.500000000;18;9581596647;S
20240209;101116;587.550000000;2;9581596724;B
20240209;101116;587.600000000;3;9581596747;B
20240209;101117;587.600000000;1;9581596847;B
20240209;101118;587.500000000;4;9581597090;S
20240209;101119;587.600000000;2;9581597198;B
20240209;101123;587.500000000;3;9581597735;S
20240209;101123;587.500000000;3;9581597797;S
20240209;101123;587.500000000;3;9581597819;S
20240209;101123;587.500000000;9;9581597820;S
20240209;101123;587.500000000;4;9581597866;S
20240209;101124;587.500000000;39;9581597882;S
20240209;101124;587.500000000;58;9581597957;S
20240209;101124;587.600000000;2;9581597990;B
20240209;101125;587.600000000;2;9581598055;B
20240209;101126;587.500000000;39;9581598219;S
20240209;101126;587.500000000;8;9581598277;S
20240209;101126;587.500000000;8;9581598307;S
20240209;101127;587.500000000;1;9581598387;S
20240209;101127;587.500000000;55;9581598413;S
20240209;101128;587.600000000;6;9581598524;B
20240209;101132;587.500000000;4;9581599007;S
20240209;101132;587.600000000;10;9581599162;B
20240209;101135;587.650000000;5;9581599542;B
20240209;101136;587.600000000;1;9581599627;S
20240209;101136;587.650000000;1;9581599777;B
20240209;101136;587.650000000;4;9581599778;B
20240209;101137;587.600000000;24;9581599787;S
20240209;101139;587.600000000;2;9581600078;S
20240209;101141;587.600000000;6;9581600324;S
20240209;101141;587.600000000;1;9581600330;S
20240209;101141;587.650000000;2;9581600332;B
20240209;101143;587.600000000;3;9581600657;S
20240209;101144;587.600000000;1;9581600778;S
20240209;101145;587.650000000;3;9581600902;B
20240209;101146;587.600000000;3;9581601074;S
20240209;101147;587.600000000;80;9581601137;S
20240209;101147;587.650000000;2;9581601189;B
20240209;101148;587.600000000;27;9581601205;S
20240209;101149;587.650000000;1;9581601379;B
20240209;101150;587.650000000;1;9581601525;B
20240209;101150;587.650000000;2;9581601538;B
20240209;101150;587.650000000;1;9581601558;B
20240209;101152;587.650000000;2;9581601734;B
20240209;101152;587.600000000;3;9581601778;S
20240209;101152;587.650000000;4;9581601783;B
20240209;101152;587.600000000;1;9581601832;S
20240209;101152;587.650000000;2;9581601848;B
20240209;101152;587.650000000;1;9581601849;B
20240209;101153;587.650000000;2;9581601901;B
20240209;101153;587.650000000;3;9581601907;B
20240209;101153;587.600000000;90;9581601991;S
20240209;101153;587.600000000;3;9581602025;S
20240209;101153;587.600000000;6;9581602056;S
20240209;101154;587.700000000;3;9581602106;B
20240209;101154;587.700000000;4;9581602132;B
20240209;101159;587.600000000;32;9581602798;S
20240209;101201;587.700000000;5;9581603074;B
20240209;101201;587.700000000;3;9581603075;B
20240209;101202;587.700000000;20;9581603364;B
20240209;101202;587.750000000;17;9581603371;B
20240209;101202;587.750000000;18;9581603372;B
20240209;101205;587.900000000;1;9581603841;B
20240209;101205;587.700000000;1;9581603926;S
20240209;101205;587.600000000;99;9581603927;S
20240209;101210;587.600000000;41;9581604547;S
20240209;101210;587.700000000;26;9581604740;B
20240209;101210;587.900000000;74;9581604741;B
20240209;101213;587.650000000;5;9581605277;S
20240209;101213;587.600000000;3;9581605278;S
20240209;101215;587.850000000;1;9581605513;B
20240209;101216;587.850000000;1;9581605649;B
20240209;101221;587.600000000;28;9581606204;S
20240209;101223;587.850000000;1;9581606485;B
20240209;101223;587.600000000;21;9581606582;S
20240209;101223;587.600000000;10;9581606583;S
20240209;101223;587.600000000;2;9581606584;S
20240209;101224;587.850000000;1;9581606696;B
20240209;101226;587.600000000;1;9581606989;S
20240209;101226;587.600000000;1;9581606990;S
20240209;101226;587.600000000;1;9581606991;S
20240209;101227;587.600000000;3;9581607025;S
20240209;101227;587.600000000;3;9581607043;S
20240209;101227;587.600000000;4;9581607098;S
20240209;101227;587.600000000;1;9581607137;S
20240209;101228;587.750000000;1;9581607171;S
20240209;101228;587.750000000;1;9581607207;S
20240209;101228;587.750000000;1;9581607250;S
20240209;101228;587.750000000;1;9581607273;S
20240209;101229;587.850000000;1;9581607332;B
20240209;101229;587.850000000;7;9581607333;B
20240209;101231;587.850000000;1;9581607631;B
20240209;101231;587.900000000;1;9581607632;B
20240209;101231;587.900000000;1;9581607667;B
20240209;101232;587.850000000;1;9581607809;S
20240209;101232;587.850000000;15;9581607810;S
20240209;101233;587.800000000;36;9581607933;S
20240209;101239;587.900000000;2;9581608425;B
20240209;101239;587.850000000;2;9581608430;S
20240209;101242;587.850000000;9;9581608837;S
20240209;101242;587.900000000;1;9581608925;B
20240209;101243;587.800000000;12;9581608988;S
20240209;101244;587.900000000;195;9581609216;B
20240209;101245;587.950000000;1;9581609322;B
20240209;101247;587.850000000;30;9581609614;S
20240209;101249;587.800000000;100;9581609821;S
20240209;101250;587.950000000;5;9581610035;B
20240209;101251;587.800000000;15;9581610046;S
20240209;101253;587.950000000;9;9581610369;B
20240209;101253;587.950000000;1;9581610370;B
20240209;101254;587.800000000;59;9581610386;S
20240209;101254;587.750000000;31;9581610387;S
20240209;101257;587.750000000;14;9581610880;S
20240209;101258;587.850000000;96;9581610933;B
20240209;101258;587.750000000;1;9581610934;S
20240209;101305;587.750000000;8;9581611726;S
20240209;101305;587.750000000;19;9581611727;S
20240209;101305;587.700000000;2;9581611754;S
20240209;101310;587.750000000;1;9581612337;S
20240209;101312;587.950000000;7;9581612545;B
20240209;101312;588.000000000;16;9581612546;B
20240209;101314;587.750000000;11;9581612717;S
20240209;101314;588.000000000;9;9581612745;B
20240209;101314;588.000000000;7;9581612746;B
20240209;101314;588.000000000;6;9581612747;B
20240209;101314;588.000000000;3;9581612748;B
20240209;101314;588.000000000;8;9581612749;B
20240209;101314;588.000000000;15;9581612750;B
20240209;101314;588.000000000;5;9581612751;B
20240209;101314;588.000000000;3;9581612752;B
20240209;101314;588.000000000;53;9581612753;B
20240209;101316;587.950000000;37;9581612973;S
20240209;101316;588.100000000;40;9581613044;B
20240209;101319;588.000000000;150;9581613379;S
20240209;101326;588.100000000;1;9581614253;B
20240209;101327;588.000000000;47;9581614357;S
20240209;101330;588.200000000;5;9581614787;B
20240209;101330;588.200000000;5;9581614788;B
20240209;101332;588.250000000;4;9581615121;B
20240209;101332;588.250000000;4;9581615135;B
20240209;101333;588.250000000;4;9581615172;B
20240209;101333;588.300000000;5;9581615196;B
20240209;101333;588.300000000;1;9581615249;B
20240209;101334;588.300000000;94;9581615277;B
20240209;101334;588.400000000;50;9581615278;B
20240209;101334;588.400000000;4;9581615279;B
20240209;101334;588.400000000;1532;9581615280;B
20240209;101334;588.400000000;136;9581615281;B
20240209;101334;588.450000000;50;9581615282;B
20240209;101334;588.450000000;6;9581615283;B
20240209;101334;588.100000000;93;9581615308;S
20240209;101334;588.050000000;5;9581615309;S
20240209;101334;588.050000000;2;9581615310;S
20240209;101334;588.050000000;14;9581615356;S
20240209;101336;588.500000000;69;9581615692;B
20240209;101336;588.500000000;1;9581615766;B
20240209;101337;588.250000000;10;9581615964;S
20240209;101338;588.250000000;126;9581616020;S
20240209;101338;588.250000000;399;9581616021;S
20240209;101338;588.400000000;1;9581616096;B
20240209;101338;588.500000000;1;9581616215;B
20240209;101341;588.300000000;511;9581616681;S
20240209;101343;588.300000000;9;9581616976;B
20240209;101343;588.300000000;10;9581617028;B
20240209;101344;588.300000000;5;9581617339;B
20240209;101345;588.100000000;25;9581617378;S
20240209;101347;588.150000000;22;9581617826;S
20240209;101349;588.150000000;114;9581618037;S
20240209;101349;588.100000000;31;9581618038;S
20240209;101350;588.300000000;10;9581618167;B
20240209;101351;588.200000000;1;9581618373;S
20240209;101353;588.050000000;50;9581618762;S
20240209;101353;588.300000000;850;9581618763;B
20240209;101353;588.100000000;1;9581618839;S
20240209;101354;588.050000000;31;9581618938;S
20240209;101355;588.000000000;2;9581619126;S
20240209;101356;588.300000000;1700;9581619288;B
20240209;101357;588.300000000;3;9581619351;B
20240209;101358;588.300000000;1;9581619464;B
20240209;101400;588.050000000;6;9581619730;S
20240209;101400;588.050000000;505;9581619736;S
20240209;101400;588.050000000;150;9581619737;S
20240209;101400;588.000000000;9;9581619738;S
20240209;101401;588.300000000;1;9581619902;B
20240209;101402;588.300000000;51;9581620026;B
20240209;101403;588.300000000;33;9581620265;B
20240209;101404;588.300000000;90;9581620494;B
20240209;101408;588.150000000;24;9581621037;S
20240209;101409;588.300000000;226;9581621225;B
20240209;101410;588.500000000;1;9581621259;B
20240209;101410;588.500000000;1;9581621292;B
20240209;101410;588.200000000;3;9581621295;S
20240209;101410;588.500000000;427;9581621310;B
20240209;101410;588.500000000;50;9581621311;B
20240209;101410;588.500000000;22;9581621312;B
20240209;101411;588.250000000;2;9581621420;S
20240209;101411;588.200000000;2;9581621421;S
20240209;101411;588.200000000;150;9581621422;S
20240209;101411;588.150000000;79;9581621423;S
20240209;101413;588.400000000;2;9581621893;B
20240209;101414;588.450000000;5;9581621996;B
20240209;101414;588.500000000;25;9581621997;B
20240209;101415;588.450000000;52;9581622205;B
20240209;101416;588.400000000;5;9581622311;S
20240209;101416;588.400000000;28;9581622312;S
20240209;101417;588.500000000;3;9581622489;B
20240209;101417;588.500000000;100;9581622490;B
20240209;101417;588.550000000;20;9581622558;B
20240209;101421;588.450000000;1;9581623050;B
20240209;101421;588.550000000;297;9581623051;B
20240209;101421;588.550000000;50;9581623052;B
20240209;101421;588.550000000;136;9581623053;B
20240209;101421;588.600000000;16;9581623054;B
20240209;101422;588.450000000;136;9581623159;S
20240209;101422;588.400000000;49;9581623160;S
20240209;101422;588.600000000;200;9581623248;B
20240209;101424;588.500000000;3;9581623613;S
20240209;101425;588.400000000;3;9581623701;S
20240209;101425;588.400000000;3;9581623731;S
20240209;101425;588.400000000;4;9581623755;S
20240209;101425;588.600000000;10;9581623756;B
20240209;101428;588.600000000;1168;9581624025;B
20240209;101428;588.600000000;50;9581624026;B
20240209;101428;588.600000000;12;9581624027;B
20240209;101428;588.600000000;87;9581624028;B
20240209;101428;588.650000000;50;9581624029;B
20240209;101428;588.650000000;1;9581624030;B
20240209;101428;588.650000000;42;9581624031;B
20240209;101428;588.700000000;56;9581624032;B
20240209;101428;588.700000000;4;9581624033;B
20240209;101428;588.700000000;50;9581624034;B
20240209;101428;588.750000000;590;9581624035;B
20240209;101428;588.800000000;3;9581624036;B
20240209;101428;588.800000000;3;9581624037;B
20240209;101428;588.800000000;5;9581624038;B
20240209;101428;588.800000000;10;9581624039;B
20240209;101428;588.850000000;850;9581624040;B
20240209;101428;588.850000000;24;9581624041;B
20240209;101428;588.850000000;15;9581624042;B
20240209;101428;588.850000000;19;9581624043;B
20240209;101428;588.850000000;500;9581624044;B
20240209;101428;588.900000000;492;9581624045;B
20240209;101429;588.700000000;6;9581624158;B
20240209;101433;588.600000000;136;9581624681;S
20240209;101433;588.550000000;511;9581624682;S
20240209;101433;588.550000000;136;9581624683;S
20240209;101433;588.550000000;284;9581624684;S
20240209;101433;588.700000000;94;9581624705;B
20240209;101433;588.700000000;1;9581624724;S
20240209;101433;588.900000000;5;9581624762;B
20240209;101434;588.900000000;100;9581624803;B
20240209;101436;588.900000000;1;9581625111;B
20240209;101436;588.900000000;3;9581625112;B
20240209;101436;588.900000000;1;9581625113;B
20240209;101436;588.850000000;1;9581625115;S
20240209;101437;588.850000000;1;9581625127;B
20240209;101437;588.850000000;1;9581625133;B
20240209;101437;588.850000000;2;9581625217;B
20240209;101440;588.850000000;5;9581625657;B
20240209;101440;588.850000000;5;9581625658;B
20240209;101440;588.850000000;1;9581625659;B
20240209;101444;588.650000000;53;9581626258;S
20240209;101445;588.650000000;1;9581626531;S
20240209;101446;588.850000000;4;9581626678;B
20240209;101446;588.850000000;5;9581626679;B
20240209;101446;588.900000000;41;9581626680;B
20240209;101448;588.850000000;2;9581626925;S
20240209;101448;588.850000000;27;9581627073;S
20240209;101449;588.850000000;1;9581627250;S
20240209;101449;588.850000000;1;9581627251;S
20240209;101450;588.850000000;1;9581627360;S
20240209;101450;588.850000000;8;9581627392;S
20240209;101450;588.850000000;36;9581627402;S
20240209;101450;588.850000000;1;9581627460;S
20240209;101450;588.850000000;1;9581627464;S
20240209;101451;588.850000000;1;9581627509;S
20240209;101451;588.850000000;1;9581627510;S
20240209;101452;588.850000000;2;9581627617;S
20240209;101452;588.900000000;1;9581627667;B
20240209;101452;588.900000000;2;9581627730;B
20240209;101452;588.850000000;1;9581627731;S
20240209;101452;588.850000000;1;9581627732;S
20240209;101453;588.850000000;66;9581627820;S
20240209;101453;588.850000000;3;9581627821;S
20240209;101453;588.850000000;11;9581627822;S
20240209;101453;588.850000000;28;9581627853;B
20240209;101454;588.800000000;1;9581627899;S
20240209;101455;588.650000000;62;9581628081;S
20240209;101455;588.650000000;3;9581628161;S
20240209;101458;588.750000000;1;9581628669;B
20240209;101500;588.650000000;34;9581628798;S
20240209;101500;588.700000000;99;9581628887;B
20240209;101500;588.750000000;1;9581628888;B
20240209;101502;588.650000000;20;9581629376;S
20240209;101505;588.650000000;55;9581630017;S
20240209;101505;588.650000000;26;9581630075;S
20240209;101505;588.650000000;1;9581630076;S
20240209;101505;588.650000000;1;9581630077;S
20240209;101506;588.600000000;2;9581630123;S
20240209;101506;588.600000000;2;9581630124;S
20240209;101506;588.400000000;14;9581630125;S
20240209;101506;588.350000000;42;9581630126;S
20240209;101507;588.550000000;10;9581630561;B
20240209;101517;588.350000000;3;9581632959;S
20240209;101519;588.500000000;20;9581633350;B
20240209;101519;588.500000000;2;9581633377;B
20240209;101521;588.500000000;52;9581633811;B
20240209;101524;588.450000000;10;9581634351;B
20240209;101527;588.400000000;1;9581635071;B
20240209;101528;588.300000000;2;9581635274;S
20240209;101528;588.300000000;5;9581635275;S
20240209;101528;588.300000000;1;9581635276;S
20240209;101528;588.200000000;13;9581635277;S
20240209;101528;588.200000000;4;9581635293;S
20240209;101533;588.300000000;10;9581636112;B
20240209;101535;588.350000000;4;9581636516;B
20240209;101536;588.400000000;2;9581636676;B
20240209;101536;588.400000000;83;9581636698;B
20240209;101536;588.500000000;3;9581636830;B
20240209;101536;588.500000000;3;9581636856;B
20240209;101536;588.500000000;3;9581636907;B
20240209;101537;588.500000000;4;9581636918;B
20240209;101539;588.450000000;17;9581637270;S
20240209;101539;588.450000000;1;9581637271;S
20240209;101539;588.450000000;11;9581637272;S
20240209;101541;588.500000000;1;9581637734;B
20240209;101543;588.400000000;2;9581638029;B
20240209;101544;588.400000000;1;9581638183;B
20240209;101545;588.350000000;10;9581638380;S
20240209;101546;588.350000000;1;9581638777;S
20240209;101546;588.400000000;63;9581638781;B
20240209;101546;588.450000000;22;9581638782;B
20240209;101546;588.350000000;124;9581638793;S
20240209;101546;588.350000000;95;9581638794;S
20240209;101546;588.350000000;50;9581638795;S
20240209;101546;588.300000000;1;9581638796;S
20240209;101546;588.300000000;250;9581638797;S
20240209;101546;588.300000000;135;9581638798;S
20240209;101546;588.250000000;135;9581638799;S
20240209;101546;588.200000000;40;9581638800;S
20240209;101546;588.200000000;250;9581638801;S
20240209;101546;588.200000000;424;9581638802;S
20240209;101546;588.100000000;16;9581638803;S
20240209;101546;588.100000000;90;9581638804;S
20240209;101546;588.050000000;2;9581638805;S
20240209;101546;588.050000000;300;9581638806;S
20240209;101546;588.050000000;39;9581638807;S
20240209;101546;588.000000000;1;9581638808;S
20240209;101546;588.000000000;100;9581638809;S
20240209;101546;588.000000000;15;9581638810;S
20240209;101546;588.000000000;22;9581638811;S
20240209;101546;588.000000000;231;9581638812;S
20240209;101546;588.150000000;53;9581638836;B
20240209;101547;588.100000000;20;9581639087;S
20240209;101547;588.150000000;41;9581639143;B
20240209;101547;588.150000000;8;9581639144;B
20240209;101547;588.150000000;2;9581639151;B
20240209;101548;588.150000000;3;9581639221;B
20240209;101548;588.150000000;32;9581639222;B
20240209;101548;588.150000000;1;9581639223;B
20240209;101548;588.150000000;1;9581639341;B
20240209;101548;588.150000000;1;9581639342;B
20240209;101548;588.150000000;8;9581639343;B
20240209;101548;588.150000000;1;9581639344;B
20240209;101548;588.150000000;1;9581639345;B
20240209;101548;588.150000000;3;9581639354;B
20240209;101548;588.150000000;5;9581639357;B
20240209;101549;588.150000000;1;9581639507;B
20240209;101549;588.150000000;7;9581639549;B
20240209;101549;588.150000000;2;9581639574;B
20240209;101550;588.100000000;115;9581639595;S
20240209;101550;588.100000000;24;9581639596;S
20240209;101550;588.050000000;135;9581639597;S
20240209;101550;588.050000000;94;9581639598;S
20240209;101550;588.050000000;285;9581639599;S
20240209;101553;588.100000000;54;9581640218;B
20240209;101553;588.400000000;31;9581640219;B
20240209;101557;588.150000000;20;9581640998;S
20240209;101600;588.350000000;2;9581641517;B
20240209;101601;588.300000000;26;9581641753;S
20240209;101606;588.350000000;7;9581642595;B
20240209;101611;588.300000000;3;9581643598;S
20240209;101611;588.350000000;1;9581643693;B
20240209;101612;588.250000000;3;9581643828;S
20240209;101614;588.350000000;1;9581644424;B
20240209;101618;588.200000000;80;9581645200;S
20240209;101618;588.200000000;50;9581645262;S
20240209;101622;588.300000000;3;9581645942;S
20240209;101622;588.350000000;142;9581646035;B
20240209;101622;588.400000000;58;9581646036;B
20240209;101623;588.300000000;84;9581646075;S
20240209;101623;588.400000000;11;9581646190;B
20240209;101626;588.300000000;3;9581646591;S
20240209;101626;588.300000000;3;9581646611;S
20240209;101626;588.300000000;3;9581646618;S
20240209;101626;588.300000000;4;9581646628;S
20240209;101626;588.300000000;35;9581646686;S
20240209;101626;588.300000000;44;9581646687;S
20240209;101626;588.250000000;135;9581646688;S
20240209;101626;588.200000000;5;9581646689;S
20240209;101626;588.100000000;150;9581646690;S
20240209;101626;588.100000000;424;9581646691;S
20240209;101626;588.100000000;96;9581646692;S
20240209;101626;588.050000000;3;9581646693;S
20240209;101626;588.050000000;108;9581646694;S
20240209;101628;588.300000000;3;9581647054;B
20240209;101630;588.050000000;36;9581647416;S
20240209;101633;588.050000000;13;9581647910;S
20240209;101633;588.050000000;86;9581647932;S
20240209;101633;588.050000000;425;9581647933;S
20240209;101633;588.050000000;80;9581647934;S
20240209;101633;588.000000000;409;9581647935;S
20240209;101634;588.050000000;135;9581648046;S
20240209;101634;588.000000000;384;9581648047;S
20240209;101636;588.050000000;75;9581648356;S
20240209;101639;588.300000000;6;9581648801;B
20240209;101639;588.050000000;4;9581648816;S
20240209;101640;588.300000000;1;9581649070;S
20240209;101641;588.050000000;8;9581649207;S
20240209;101643;588.300000000;1;9581649665;B
20240209;101644;588.350000000;3;9581649916;B
20240209;101645;588.150000000;24;9581650023;S
20240209;101645;588.150000000;112;9581650096;S
20240209;101645;588.150000000;112;9581650097;S
20240209;101646;588.350000000;1;9581650241;B
20240209;101648;588.150000000;43;9581650597;S
20240209;101651;588.350000000;1;9581651084;B
20240209;101651;588.350000000;1;9581651085;B
20240209;101652;588.350000000;40;9581651159;B
20240209;101656;588.150000000;1;9581651851;S
20240209;101656;588.150000000;5;9581651852;S
20240209;101656;588.150000000;2;9581651853;S
20240209;101656;588.100000000;70;9581651854;S
20240209;101700;588.050000000;11;9581652598;S
20240209;101705;588.300000000;2;9581653455;B
20240209;101707;588.150000000;2;9581653786;S
20240209;101707;588.100000000;1;9581653787;S
20240209;101707;588.300000000;5;9581653798;B
20240209;101707;588.350000000;95;9581653799;B
20240209;101709;588.300000000;2;9581654066;B
20240209;101713;588.350000000;1;9581654717;B
20240209;101713;588.300000000;3;9581654736;S
20240209;101715;588.350000000;2;9581655130;B
20240209;101718;588.300000000;1;9581655422;S
20240209;101718;588.150000000;5;9581655423;S
20240209;101718;588.150000000;2;9581655424;S
20240209;101718;588.150000000;19;9581655425;S
20240209;101719;588.250000000;1;9581655601;B
20240209;101722;588.350000000;17;9581656017;B
20240209;101722;588.350000000;8;9581656018;B
20240209;101729;588.100000000;6;9581657190;S
20240209;101731;588.200000000;1;9581657501;B
20240209;101731;588.200000000;300;9581657524;B
20240209;101732;588.200000000;2;9581657561;B
20240209;101732;588.200000000;4;9581657607;B
20240209;101735;588.200000000;2;9581658542;B
20240209;101738;588.250000000;5;9581659002;B
20240209;101738;588.300000000;103;9581659007;B
20240209;101738;588.350000000;511;9581659008;B
20240209;101738;588.350000000;87;9581659009;B
20240209;101738;588.400000000;20;9581659044;B
20240209;101738;588.350000000;100;9581659182;S
20240209;101739;588.400000000;5;9581659250;B
20240209;101739;588.400000000;2;9581659339;B
20240209;101740;588.350000000;7;9581659444;S
20240209;101740;588.150000000;87;9581659445;S
20240209;101740;588.100000000;192;9581659446;S
20240209;101743;588.350000000;3;9581659889;B
20240209;101743;588.350000000;30;9581660076;B
20240209;101744;588.100000000;2;9581660231;S
20240209;101747;588.350000000;250;9581660760;B
20240209;101748;588.350000000;3;9581660896;B
20240209;101751;588.100000000;56;9581661238;S
20240209;101751;588.100000000;9;9581661239;S
20240209;101751;588.050000000;7;9581661240;S
20240209;101752;588.100000000;1;9581661412;B
20240209;101754;588.050000000;1525;9581661670;S
20240209;101754;588.000000000;37;9581661671;S
20240209;101754;588.000000000;40;9581661672;S
20240209;101754;588.000000000;100;9581661673;S
20240209;101754;588.000000000;1;9581661674;S
20240209;101754;588.000000000;3297;9581661675;S
20240209;101756;588.000000000;466;9581662031;S
20240209;101756;588.000000000;23;9581662032;S
20240209;101756;588.000000000;41;9581662033;S
20240209;101758;588.050000000;34;9581662227;B
20240209;101758;588.100000000;1;9581662317;B
20240209;101759;588.050000000;2;9581662402;B
20240209;101759;588.050000000;3;9581662436;B
20240209;101801;588.050000000;3;9581662824;B
20240209;101802;588.050000000;1;9581662847;B
20240209;101802;588.000000000;1173;9581662852;S
20240209;101802;587.950000000;66;9581662853;S
20240209;101802;587.900000000;10;9581662854;S
20240209;101802;587.900000000;8;9581662855;S
20240209;101802;587.850000000;2;9581662856;S
20240209;101802;587.850000000;10;9581662857;S
20240209;101802;587.800000000;3;9581662858;S
20240209;101802;587.800000000;12;9581662859;S
20240209;101802;587.800000000;10;9581662860;S
20240209;101802;587.800000000;101;9581662861;S
20240209;101804;587.800000000;41;9581663197;S
20240209;101804;587.800000000;84;9581663198;S
20240209;101804;587.800000000;93;9581663199;S
20240209;101805;587.750000000;40;9581663319;S
20240209;101807;587.750000000;11;9581663669;S
20240209;101807;587.750000000;49;9581663670;S
20240209;101809;587.800000000;60;9581664033;B
20240209;101813;587.700000000;28;9581664545;S
20240209;101813;587.700000000;20;9581664546;S
20240209;101813;587.650000000;45;9581664547;S
20240209;101816;587.800000000;2;9581665001;B
20240209;101816;587.800000000;8;9581665009;B
20240209;101817;587.800000000;5;9581665133;B
20240209;101820;587.750000000;1;9581665575;B
20240209;101820;587.700000000;2;9581665608;S
20240209;101820;587.700000000;1;9581665664;B
20240209;101821;587.650000000;44;9581665762;B
20240209;101821;587.700000000;1;9581665783;B
20240209;101821;587.750000000;4;9581665784;B
20240209;101821;587.700000000;2;9581665793;B
20240209;101824;587.600000000;18;9581666234;S
20240209;101825;587.600000000;3;9581666408;S
20240209;101825;587.650000000;7;9581666481;B
20240209;101826;587.700000000;3;9581666642;B
20240209;101827;587.700000000;4;9581666779;B
20240209;101827;587.700000000;2;9581666787;B
20240209;101828;587.650000000;10;9581666982;B
20240209;101828;587.600000000;5;9581666992;S
20240209;101828;587.650000000;7;9581666993;B
20240209;101828;587.700000000;1;9581667020;B
20240209;101829;587.600000000;38;9581667110;S
20240209;101831;587.700000000;37;9581667279;B
20240209;101831;587.750000000;2;9581667346;B
20240209;101832;587.750000000;5;9581667418;B
20240209;101835;587.650000000;2;9581667814;S
20240209;101835;587.600000000;29;9581667815;S
20240209;101835;587.750000000;3;9581667977;B
20240209;101836;587.800000000;3;9581668026;B
20240209;101836;587.850000000;3;9581668048;B
20240209;101836;587.900000000;4;9581668063;B
20240209;101839;587.900000000;1;9581668419;B
20240209;101843;587.850000000;10;9581668951;B
20240209;101844;587.900000000;2;9581668990;B
20240209;101844;587.900000000;14;9581669066;B
20240209;101845;587.900000000;7;9581669147;B
20240209;101846;587.700000000;1;9581669241;S
20240209;101846;587.600000000;11;9581669242;S
20240209;101850;587.800000000;3;9581669825;B
20240209;101850;587.850000000;2;9581669826;B
20240209;101852;587.850000000;1;9581670097;B
20240209;101853;587.800000000;1;9581670171;B
20240209;101853;587.600000000;10;9581670200;S
20240209;101853;587.800000000;2;9581670256;B
20240209;101857;587.600000000;4;9581670659;S
20240209;101857;587.800000000;2;9581670785;B
20240209;101902;587.700000000;2;9581671405;S
20240209;101902;587.700000000;3;9581671406;S
20240209;101902;587.650000000;511;9581671407;S
20240209;101902;587.600000000;148;9581671408;S
20240209;101903;587.800000000;3;9581671499;B
20240209;101905;587.750000000;1;9581671818;B
20240209;101906;587.750000000;12;9581671944;B
20240209;101906;587.800000000;2;9581672035;B
20240209;101907;587.800000000;14;9581672120;B
20240209;101907;587.750000000;1;9581672433;B
20240209;101908;587.600000000;175;9581672459;S
20240209;101910;587.650000000;2;9581672917;S
20240209;101910;587.800000000;10;9581672918;B
20240209;101913;587.650000000;1;9581673156;S
20240209;101914;587.850000000;3;9581673294;B
20240209;101918;587.900000000;1;9581673707;B
20240209;101919;587.650000000;2;9581673717;S
20240209;101919;587.650000000;2;9581673718;S
20240209;101920;587.750000000;1;9581673949;S
20240209;101920;587.700000000;29;9581673950;S
20240209;101921;587.900000000;3;9581673991;B
20240209;101923;587.850000000;5;9581674246;B
20240209;101923;587.850000000;3;9581674253;B
20240209;101923;587.850000000;2;9581674255;B
20240209;101923;587.850000000;1;9581674270;B
20240209;101924;587.850000000;4;9581674308;B
20240209;101924;587.850000000;6;9581674314;B
20240209;101924;587.850000000;3;9581674367;B
20240209;101925;587.850000000;8;9581674435;B
20240209;101925;587.800000000;1;9581674441;S
20240209;101926;587.850000000;1;9581674497;B
20240209;101928;587.850000000;1;9581674824;B
20240209;101929;587.850000000;413;9581674901;B
20240209;101929;587.850000000;29;9581674902;B
20240209;101929;587.850000000;82;9581674903;B
20240209;101929;588.000000000;10;9581674904;B
20240209;101929;588.000000000;2;9581674905;B
20240209;101929;588.050000000;136;9581674906;B
20240209;101929;588.100000000;3;9581674907;B
20240209;101929;588.100000000;15;9581674908;B
20240209;101929;588.100000000;136;9581674909;B
20240209;101929;588.150000000;136;9581674910;B
20240209;101929;588.150000000;37;9581674911;B
20240209;101929;588.100000000;2;9581674913;B
20240209;101930;587.800000000;2;9581674992;S
20240209;101930;587.750000000;266;9581674993;S
20240209;101930;587.950000000;1;9581675015;B
20240209;101932;588.000000000;2;9581675283;B
20240209;101934;588.000000000;1;9581675568;B
20240209;101937;588.150000000;5;9581675960;B
20240209;101940;588.200000000;5;9581676461;B
20240209;101941;587.850000000;2;9581676610;S
20240209;101941;587.850000000;1;9581676611;S
20240209;101944;588.300000000;1;9581677458;B
20240209;101944;588.350000000;5;9581677459;B
20240209;101944;588.350000000;2;9581677473;B
20240209;101947;588.300000000;1;9581677858;B
20240209;101948;588.250000000;1;9581678002;B
20240209;101951;588.200000000;10;9581678292;S
20240209;101952;588.200000000;1;9581678397;S
20240209;101952;588.200000000;5;9581678398;S
20240209;101952;588.200000000;3;9581678399;S
20240209;101954;588.200000000;3;9581678626;S
20240209;101954;588.200000000;3;9581678634;S
20240209;101954;588.200000000;3;9581678655;S
20240209;101954;588.200000000;4;9581678683;S
20240209;102001;588.300000000;30;9581679319;B
20240209;102001;588.350000000;43;9581679320;B
20240209;102001;588.350000000;80;9581679321;B
20240209;102001;588.400000000;258;9581679322;B
20240209;102001;588.400000000;7;9581679323;B
20240209;102001;588.450000000;1;9581679324;B
20240209;102001;588.450000000;30;9581679325;B
20240209;102001;588.450000000;500;9581679326;B
20240209;102001;588.450000000;5;9581679327;B
20240209;102001;588.500000000;3;9581679328;B
20240209;102001;588.500000000;10;9581679329;B
20240209;102001;588.500000000;136;9581679330;B
20240209;102001;588.550000000;136;9581679331;B
20240209;102001;588.550000000;761;9581679332;B
20240209;102002;588.300000000;2;9581679498;S
20240209;102003;588.200000000;3;9581679612;S
20240209;102003;588.200000000;503;9581679613;S
20240209;102005;588.250000000;1;9581679913;S
20240209;102005;588.250000000;5;9581679914;S
20240209;102008;588.350000000;1;9581680248;S
20240209;102008;588.500000000;5;9581680260;B
20240209;102009;588.350000000;3;9581680542;S
20240209;102010;588.400000000;2;9581680691;B
20240209;102012;588.400000000;1;9581681223;B
20240209;102014;588.350000000;4;9581682463;S
20240209;102015;588.500000000;2;9581683237;B
20240209;102020;588.350000000;21;9581685188;S
20240209;102021;588.400000000;1;9581686122;B
20240209;102021;588.350000000;31;9581686150;S
20240209;102024;588.050000000;23;9581687238;B
20240209;102025;588.000000000;1;9581687356;S
20240209;102025;588.000000000;18;9581687357;S
20240209;102027;588.050000000;3;9581687598;B
20240209;102028;588.050000000;34;9581688946;B
20240209;102030;587.950000000;11;9581690021;S
20240209;102031;588.150000000;1;9581690094;B
20240209;102032;588.000000000;1;9581690249;S
20240209;102033;588.150000000;100;9581690403;B
20240209;102036;588.000000000;1;9581690745;S
20240209;102036;587.950000000;37;9581690746;S
20240209;102040;587.900000000;1;9581692834;S
20240209;102043;588.050000000;424;9581693211;B
20240209;102045;588.100000000;1;9581694637;B
20240209;102047;587.900000000;106;9581695639;S
20240209;102048;587.850000000;20;9581696020;S
20240209;102049;587.850000000;3;9581696162;B
20240209;102049;587.850000000;3;9581696178;B
20240209;102050;587.850000000;5;9581696194;B
20240209;102050;587.850000000;1;9581696216;B
20240209;102051;587.850000000;1;9581696376;B
20240209;102051;587.800000000;2;9581696382;S
20240209;102053;587.900000000;1;9581696618;B
20240209;102054;587.800000000;2;9581696759;S
20240209;102055;587.800000000;1;9581696827;S
20240209;102056;587.950000000;2;9581697179;B
20240209;102057;587.800000000;5;9581697344;S
20240209;102057;587.800000000;2;9581697345;S
20240209;102057;587.750000000;23;9581697346;S
20240209;102058;587.700000000;18;9581697438;S
20240209;102058;587.700000000;2;9581697459;S
20240209;102058;587.700000000;1;9581697460;S
20240209;102100;587.850000000;17;9581698492;B
20240209;102103;587.700000000;5;9581699469;S
20240209;102104;587.850000000;1;9581699641;B
20240209;102107;588.000000000;1;9581699959;B
20240209;102107;587.850000000;7;9581700024;S
20240209;102108;587.950000000;1;9581700315;B
20240209;102109;587.850000000;9;9581700523;S
20240209;102111;587.950000000;4;9581701745;B
20240209;102111;587.850000000;100;9581701770;S
20240209;102113;587.950000000;2;9581702095;B
20240209;102115;587.900000000;1;9581702378;B
20240209;102116;587.950000000;3;9581702692;B
20240209;102116;587.950000000;1;9581702711;B
20240209;102117;587.900000000;2;9581703110;B
20240209;102117;587.950000000;23;9581703791;B
20240209;102120;587.850000000;34;9581704038;S
20240209;102120;588.000000000;7;9581704059;B
20240209;102121;587.850000000;5;9581704202;S
20240209;102124;587.900000000;1;9581704448;B
20240209;102124;587.950000000;1;9581704449;B
20240209;102126;587.850000000;1;9581704802;S
20240209;102128;587.900000000;1;9581705067;B
20240209;102128;587.900000000;1;9581705070;B
20240209;102128;587.900000000;1;9581705071;B
20240209;102129;587.900000000;8;9581705125;B
20240209;102130;587.850000000;10;9581706171;S
20240209;102130;587.850000000;8;9581706172;S
20240209;102130;587.800000000;51;9581706230;S
20240209;102131;587.800000000;23;9581706304;S
20240209;102131;587.850000000;2;9581706335;B
20240209;102131;587.850000000;1;9581706336;B
20240209;102133;587.800000000;92;9581706492;S
20240209;102134;587.850000000;1;9581707478;B
20240209;102134;587.900000000;5;9581707479;B
20240209;102135;587.850000000;4;9581707661;S
20240209;102135;587.800000000;346;9581707662;S
20240209;102135;587.800000000;88;9581707672;S
20240209;102135;587.800000000;8;9581707673;S
20240209;102135;587.800000000;75;9581707674;S
20240209;102135;587.800000000;179;9581707675;S
20240209;102137;587.800000000;446;9581707831;S
20240209;102137;587.800000000;2;9581707850;S
20240209;102137;587.850000000;1;9581707867;B
20240209;102138;587.850000000;7;9581707953;B
20240209;102138;587.800000000;350;9581708039;S
20240209;102138;587.800000000;23;9581708365;S
20240209;102138;587.750000000;243;9581708366;S
20240209;102138;587.750000000;1;9581708367;S
20240209;102138;587.700000000;30;9581708368;S
20240209;102138;587.700000000;53;9581708369;S
20240209;102138;587.750000000;3;9581708379;B
20240209;102138;587.750000000;3;9581708394;B
20240209;102139;587.650000000;1;9581708523;S
20240209;102140;587.650000000;2;9581708639;B
20240209;102140;587.600000000;5;9581708691;S
20240209;102141;587.650000000;1;9581708732;B
20240209;102141;587.600000000;54;9581708793;S
20240209;102141;587.600000000;2;9581708794;S
20240209;102141;587.600000000;117;9581708795;S
20240209;102141;587.650000000;1;9581708800;B
20240209;102142;587.600000000;133;9581708829;S
20240209;102142;587.600000000;30;9581708830;S
20240209;102142;587.600000000;1;9581708831;S
20240209;102142;587.550000000;1;9581708832;S
20240209;102142;587.550000000;2;9581708833;S
20240209;102142;587.550000000;30;9581708834;S
20240209;102142;587.550000000;30;9581708835;S
20240209;102142;587.550000000;5;9581708836;S
20240209;102142;587.550000000;75;9581708837;S
20240209;102142;587.500000000;230;9581708838;S
20240209;102143;587.600000000;1;9581708919;B
20240209;102144;587.500000000;6;9581709538;S
20240209;102144;587.500000000;40;9581711059;S
20240209;102145;587.550000000;7;9581711184;B
20240209;102147;587.550000000;2;9581711664;B
20240209;102148;587.500000000;3;9581711696;S
20240209;102148;587.550000000;50;9581711752;B
20240209;102149;587.550000000;2;9581712073;B
20240209;102150;587.550000000;1;9581712085;B
20240209;102150;587.550000000;1;9581712185;B
20240209;102150;587.600000000;3;9581712186;B
20240209;102152;587.500000000;339;9581712360;S
20240209;102153;587.500000000;114;9581712477;S
20240209;102157;587.600000000;2;9581714481;B
20240209;102159;587.550000000;1;9581714698;B
