<DATE>;<TIME>;<LAST>;<VOL>;<ID>;<OPER>
20240328;095931;557;5;9967826803;S
20240328;095931;557;1;9967826804;S
20240328;095931;557;1;9967826805;S
20240328;095931;557;14;9967826806;S
20240328;095931;557;3;9967826807;S
20240328;095931;557;9;9967826808;S
20240328;095931;557;7;9967826809;S
20240328;095931;557;1;9967826810;S
20240328;095931;557;2;9967826811;B
20240328;095931;557;1;9967826812;S
20240328;095931;557;11;9967826813;S
20240328;095931;557;120;9967826814;B
20240328;095931;557;2;9967826815;B
20240328;095931;557;1;9967826816;S
20240328;095931;557;5;9967826817;S
20240328;095931;557;3;9967826818;S
20240328;095931;557;2;9967826819;B
20240328;095931;557;30;9967826820;S
20240328;095931;557;2;9967826821;B
20240328;095931;557;2;9967826822;B
20240328;095931;557;2;9967826823;B
20240328;095931;557;2;9967826824;B
20240328;095931;557;1;9967826825;B
20240328;095931;557;1;9967826826;B
20240328;095931;557;2;9967826827;B
20240328;095931;557;2;9967826828;B
20240328;095931;557;1;9967826829;B
20240328;095931;557;1;9967826830;B
20240328;095931;557;2;9967826831;B
20240328;095931;557;2;9967826832;B
20240328;095931;557;2;9967826833;B
20240328;095931;557;1;9967826834;B
20240328;095931;557;2;9967826835;B
20240328;095931;557;2;9967826836;B
20240328;095931;557;1;9967826837;B
20240328;095931;557;2;9967826838;B
20240328;095931;557;1;9967826839;B
20240328;095931;557;1;9967826840;B
20240328;095931;557;2;9967826841;B
20240328;095931;557;8;9967826842;B
20240328;095931;557;1;9967826843;B
20240328;095931;557;2;9967826844;B
20240328;095931;557;20;9967826845;B
20240328;095931;557;40;9967826846;B
20240328;095931;557;1;9967826847;B
20240328;095931;557;6;9967826848;B
20240328;095931;557;1;9967826849;B
20240328;095931;557;8;9967826850;B
20240328;095931;557;18;9967826851;B
20240328;095931;557;1;9967826852;B
20240328;095931;557;2;9967826853;B
20240328;095931;557;28;9967826854;B
20240328;095931;557;40;9967826855;B
20240328;095931;557;8;9967826856;B
20240328;095931;557;20;9967826857;B
20240328;095931;557;2;9967826858;B
20240328;095931;557;3;9967826859;S
20240328;095931;557;1;9967826860;S
20240328;095931;557;2;9967826861;S
20240328;095931;557;2;9967826862;B
20240328;095931;557;44;9967826863;B
20240328;095931;557;1;9967826864;B
20240328;095931;557;4;9967826865;B
20240328;095931;557;30;9967826866;B
20240328;095931;557;7;9967826867;B
20240328;095931;557;5;9967826868;B
20240328;095931;557;12;9967826869;B
20240328;095931;557;69;9967826870;B
20240328;095931;557;1;9967826871;B
20240328;095931;557;5;9967826872;B
20240328;095931;557;2;9967826873;B
20240328;095931;557;2;9967826874;B
20240328;095931;557;4;9967826875;B
20240328;095931;557;2;9967826876;B
20240328;095931;557;6;9967826877;B
20240328;095931;557;2;9967826878;B
20240328;095931;557;1;9967826879;B
20240328;095931;557;3;9967826880;S
20240328;095931;557;2;9967826881;B
20240328;095931;557;1;9967826882;B
20240328;095931;557;2;9967826883;B
20240328;095931;557;14;9967826884;B
20240328;095931;557;2;9967826885;B
20240328;095931;557;4;9967826886;B
20240328;095931;557;1;9967826887;B
20240328;095931;557;11;9967826888;B
20240328;095931;557;1;9967826889;B
20240328;095931;557;5;9967826890;S
20240328;095931;557;4;9967826891;B
20240328;095931;557;56;9967826892;B
20240328;095931;557;50;9967826893;B
20240328;095931;557;1;9967826894;B
20240328;095931;557;4;9967826895;B
20240328;095931;557;1;9967826896;B
20240328;095931;557;188;9967826897;B
20240328;095931;557;2;9967826898;B
20240328;095931;557;4;9967826899;B
20240328;095931;557;2;9967826900;B
20240328;095931;557;204;9967826901;B
20240328;095931;557;2;9967826902;B
20240328;095931;557;1;9967826903;B
20240328;095931;557;2;9967826904;B
20240328;095931;557;1;9967826905;B
20240328;095931;557;1;9967826906;B
20240328;095931;557;50;9967826907;B
20240328;095931;557;1;9967826908;B
20240328;095931;557;4;9967826909;B
20240328;095931;557;1;9967826910;B
20240328;095931;557;2;9967826911;B
20240328;095931;557;50;9967826912;B
20240328;095931;557;25;9967826913;B
20240328;095931;557;2;9967826914;B
20240328;095931;557;50;9967826915;B
20240328;095931;557;104;9967826916;B
20240328;095931;557;4;9967826917;B
20240328;095931;557;20;9967826918;B
20240328;095931;557;150;9967826919;B
20240328;095931;557;1;9967826920;B
20240328;095931;557;39;9967826921;B
20240328;095931;557;98;9967826922;S
20240328;095931;557;4;9967826923;B
20240328;095931;557;1000;9967826924;B
20240328;095931;557;80;9967826925;B
20240328;095931;557;11;9967826926;B
20240328;095931;557;93;9967826927;B
20240328;095931;557;1;9967826928;B
20240328;095931;557;600;9967826929;B
20240328;095931;557;11;9967826930;B
20240328;095931;557;20;9967826931;B
20240328;095931;557;275;9967826932;B
20240328;095931;557;85;9967826933;B
20240328;095931;557;10;9967826934;S
20240328;095931;557;40;9967826935;B
20240328;095931;557;50;9967826936;B
20240328;095931;557;5;9967826937;B
20240328;095931;557;3;9967826938;B
20240328;095931;557;100;9967826939;B
20240328;095931;557;2;9967826940;B
20240328;095931;557;90;9967826941;B
20240328;095931;557;3;9967826942;S
20240328;095931;557;36;9967826943;S
20240328;095931;557;1;9967826944;B
20240328;095931;557;17;9967826945;B
20240328;095931;557;2;9967826946;S
20240328;095931;557;30;9967826947;S
20240328;095931;557;200;9967826948;B
20240328;095931;557;20;9967826949;B
20240328;095931;557;20;9967826950;B
20240328;095931;557;1;9967826951;B
20240328;095931;557;1;9967826952;B
20240328;095931;557;100;9967826953;B
20240328;095931;557;3;9967826954;B
20240328;095931;557;20;9967826955;B
20240328;095931;557;2;9967826956;B
20240328;095931;557;17;9967826957;B
20240328;095931;557;6;9967826958;B
20240328;095931;557;10;9967826959;B
20240328;095931;557;151;9967826960;B
20240328;095931;557;2;9967826961;B
20240328;095931;557;15;9967826962;B
20240328;095931;557;32;9967826963;B
20240328;095931;557;30;9967826964;B
20240328;095931;557;38;9967826965;B
20240328;095931;557;3;9967826966;B
20240328;095931;557;3;9967826967;B
20240328;095931;557;3;9967826968;B
20240328;095931;557;3;9967826969;B
20240328;095931;557;3;9967826970;B
20240328;095931;557;3;9967826971;B
20240328;095931;557;3;9967826972;B
20240328;095931;557;4;9967826973;B
20240328;095931;557;3;9967826974;B
20240328;095931;557;10;9967826975;B
20240328;095931;557;3;9967826976;B
20240328;095931;557;3;9967826977;B
20240328;095931;557;2;9967826978;B
20240328;095931;557;3;9967826979;B
20240328;095931;557;6;9967826980;B
20240328;095931;557;5;9967826981;B
20240328;095931;557;1;9967826982;B
20240328;095931;557;2;9967826983;B
20240328;095931;557;3;9967826984;B
20240328;095931;557;2;9967826985;B
20240328;095931;557;4;9967826986;B
20240328;095931;557;2;9967826987;B
20240328;095931;557;2;9967826988;B
20240328;095931;557;1;9967826989;B
20240328;095931;557;2;9967826990;B
20240328;095931;557;1;9967826991;B
20240328;095931;557;1;9967826992;B
20240328;095931;557;1;9967826993;B
20240328;095931;557;1;9967826994;B
20240328;095931;557;1;9967826995;B
20240328;095931;557;2;9967826996;B
20240328;095931;557;1;9967826997;B
20240328;095931;557;1;9967826998;B
20240328;095931;557;90;9967826999;B
20240328;095931;557;2;9967827000;B
20240328;095931;557;2;9967827001;B
20240328;095931;557;1;9967827002;B
20240328;095931;557;2;9967827003;B
20240328;095931;557;1;9967827004;B
20240328;095931;557;2;9967827005;B
20240328;095931;557;2;9967827006;B
20240328;095931;557;1;9967827007;B
20240328;095931;557;1;9967827008;B
20240328;095931;557;1;9967827009;B
20240328;095931;557;2;9967827010;B
20240328;095931;557;2;9967827011;B
20240328;095931;557;2;9967827012;B
20240328;095931;557;2;9967827013;B
20240328;095931;557;1;9967827014;B
20240328;095931;557;1;9967827015;B
20240328;095931;557;2;9967827016;B
20240328;095931;557;1;9967827017;B
20240328;095931;557;1;9967827018;B
20240328;095931;557;1;9967827019;B
20240328;095931;557;1;9967827020;B
20240328;095931;557;1;9967827021;B
20240328;095931;557;1;9967827022;B
20240328;095931;557;1;9967827023;B
20240328;095931;557;2;9967827024;B
20240328;095931;557;2;9967827025;B
20240328;095931;557;1;9967827026;B
20240328;095931;557;2;9967827027;B
20240328;095931;557;1;9967827028;B
20240328;095931;557;1;9967827029;B
20240328;095931;557;1;9967827030;B
20240328;095931;557;1;9967827031;B
20240328;095931;557;1;9967827032;B
20240328;095931;557;2;9967827033;B
20240328;095931;557;1;9967827034;B
20240328;095931;557;1;9967827035;B
20240328;095931;557;2;9967827036;B
20240328;095931;557;4;9967827037;B
20240328;095931;557;1;9967827038;B
20240328;095931;557;2;9967827039;B
20240328;095931;557;2;9967827040;B
20240328;095931;557;1;9967827041;B
20240328;095931;557;1;9967827042;B
20240328;095931;557;1;9967827043;B
20240328;095931;557;2;9967827044;B
20240328;095931;557;1;9967827045;B
20240328;095931;557;1;9967827046;B
20240328;095931;557;2;9967827047;B
20240328;095931;557;3;9967827048;B
20240328;095931;557;1;9967827049;B
20240328;095931;557;1;9967827050;B
20240328;095931;557;1;9967827051;B
20240328;095931;557;2;9967827052;B
20240328;095931;557;1;9967827053;B
20240328;095931;557;2;9967827054;B
20240328;095931;557;1;9967827055;B
20240328;095931;557;2;9967827056;B
20240328;095931;557;4;9967827057;B
20240328;095931;557;6;9967827058;B
20240328;095931;557;2;9967827059;B
20240328;095931;557;4;9967827060;B
20240328;095931;557;155;9967827061;B
20240328;095931;557;2;9967827062;B
20240328;095931;557;4;9967827063;B
20240328;095931;557;2;9967827064;B
20240328;095931;557;4;9967827065;B
20240328;095931;557;2;9967827066;B
20240328;095931;557;4;9967827067;B
20240328;095931;557;4;9967827068;B
20240328;095931;557;17;9967827069;B
20240328;095931;557;33;9967827070;B
20240328;095931;557;2;9967827071;S
20240328;095931;557;500;9967827072;S
20240328;095931;557;4;9967827073;B
20240328;095931;557;2;9967827074;S
20240328;095931;557;1;9967827075;S
20240328;095931;557;9;9967827076;S
20240328;095931;557;4;9967827077;B
20240328;095931;557;1;9967827078;B
20240328;095931;557;49;9967827079;B
20240328;095931;557;100;9967827080;S
20240328;095931;557;2;9967827081;S
20240328;095931;557;30;9967827082;S
20240328;095931;557;4;9967827083;B
20240328;095931;557;2;9967827084;S
20240328;095931;557;4;9967827085;B
20240328;095931;557;2;9967827086;B
20240328;095931;557;10;9967827087;B
20240328;095931;557;100;9967827088;B
20240328;095931;557;2;9967827089;S
20240328;095931;557;1000;9967827090;S
20240328;095931;557;2;9967827091;S
20240328;095931;557;4;9967827092;B
20240328;095931;557;2;9967827093;S
20240328;095931;557;4;9967827094;B
20240328;095931;557;16;9967827095;S
20240328;095931;557;3;9967827096;S
20240328;095931;557;4;9967827097;B
20240328;095931;557;2000;9967827098;S
20240328;095931;557;3;9967827099;S
20240328;095931;557;3;9967827100;S
20240328;095931;557;1000;9967827101;S
20240328;095931;557;4;9967827102;B
20240328;095931;557;5;9967827103;B
20240328;095931;557;3;9967827104;S
20240328;095931;557;4;9967827105;B
20240328;095931;557;20;9967827106;B
20240328;095931;557;500;9967827107;S
20240328;095931;557;3;9967827108;S
20240328;095931;557;4;9967827109;B
20240328;095931;557;10;9967827110;B
20240328;095931;557;1;9967827111;S
20240328;095931;557;3;9967827112;S
20240328;095931;557;2;9967827113;S
20240328;095931;557;12;9967827114;S
20240328;095931;557;356;9967827115;S
20240328;095931;557;250;9967827116;B
20240328;095931;557;4;9967827117;B
20240328;095931;557;30;9967827118;B
20240328;095931;557;8;9967827119;B
20240328;095931;557;39;9967827120;B
20240328;095931;557;1000;9967827121;B
20240328;095931;557;1000;9967827122;B
20240328;095931;557;10;9967827123;B
20240328;095931;557;565;9967827124;B
20240328;095931;557;5;9967827125;B
20240328;095931;557;10;9967827126;B
20240328;095931;557;1;9967827127;B
20240328;095931;557;5;9967827128;S
20240328;095931;557;5;9967827129;S
20240328;095931;557;5;9967827130;S
20240328;095931;557;700;9967827131;S
20240328;095931;557;5;9967827132;S
20240328;095931;557;10;9967827133;S
20240328;095931;557;6;9967827134;S
20240328;095931;557;100;9967827135;S
20240328;095931;557;3;9967827136;S
20240328;095931;557;500;9967827137;S
20240328;095931;557;2;9967827138;S
20240328;095931;557;250;9967827139;S
20240328;095931;557;100;9967827140;S
20240328;095931;557;12;9967827141;S
20240328;100000;557;404;9967833724;S
20240328;100000;557.05;1;9967834161;B
20240328;100000;557.05;1;9967834201;B
20240328;100000;557.05;2;9967834442;B
20240328;100000;557.05;3;9967834443;B
20240328;100001;557.05;95;9967834460;S
20240328;100001;557.05;68;9967834461;S
20240328;100001;557.1;4;9967834484;B
20240328;100001;557.1;5;9967834485;B
20240328;100001;557.1;3;9967834486;B
20240328;100001;557.1;3;9967834487;B
20240328;100001;557.05;66;9967834495;S
20240328;100001;557.05;13;9967834552;S
20240328;100001;557.05;20;9967834988;S
20240328;100001;557.05;33;9967835040;S
20240328;100001;557.05;2;9967835041;S
20240328;100001;557.05;8;9967835062;S
20240328;100001;557.05;15;9967835074;S
20240328;100001;557.05;150;9967835085;S
20240328;100001;557.05;50;9967835105;S
20240328;100001;557.05;1;9967835152;S
20240328;100001;557.05;74;9967835183;S
20240328;100001;557;246;9967835184;S
20240328;100001;557;500;9967835254;S
20240328;100001;557;1;9967835320;S
20240328;100001;557;5;9967835323;S
20240328;100001;557;5;9967835350;S
20240328;100001;557.1;2;9967835352;B
20240328;100001;557.15;4;9967835353;B
20240328;100001;557.2;4;9967835354;B
20240328;100001;557.2;1;9967835355;B
20240328;100001;557.2;4;9967835356;B
20240328;100001;557.2;1;9967835357;B
20240328;100001;557.2;1;9967835358;B
20240328;100001;557.25;4;9967835359;B
20240328;100001;557.25;1;9967835360;B
20240328;100001;557.25;2;9967835361;B
20240328;100001;557.25;1;9967835362;B
20240328;100001;557.25;20;9967835363;B
20240328;100001;557.25;9;9967835364;B
20240328;100001;557.25;541;9967835365;B
20240328;100001;557.3;4;9967835366;B
20240328;100001;557.3;1;9967835367;B
20240328;100001;557.3;1;9967835368;B
20240328;100001;557.3;1000;9967835369;B
20240328;100001;557.3;403;9967835370;B
20240328;100001;557.35;4;9967835371;B
20240328;100001;557.35;1;9967835372;B
20240328;100001;557.4;4;9967835373;B
20240328;100001;557.4;500;9967835374;B
20240328;100001;557.4;1;9967835375;B
20240328;100001;557.45;4;9967835376;B
20240328;100001;557.45;1;9967835377;B
20240328;100001;557.45;1;9967835378;B
20240328;100001;557.45;1;9967835379;B
20240328;100001;557.45;811;9967835380;B
20240328;100001;557.5;4;9967835381;B
20240328;100001;557.5;100;9967835382;B
20240328;100001;557.5;5;9967835383;B
20240328;100001;557.5;559;9967835384;B
20240328;100001;557.4;15;9967835394;B
20240328;100001;557.4;2;9967835410;B
20240328;100001;557.05;1;9967835417;S
20240328;100001;557.05;28;9967835472;S
20240328;100001;557.4;20;9967835484;B
20240328;100001;557.05;16;9967835486;S
20240328;100001;557.05;10;9967835517;S
20240328;100001;557.05;1;9967835531;S
20240328;100001;557.05;1;9967835573;S
20240328;100001;557.4;47;9967835596;B
20240328;100002;557.05;1;9967835649;S
20240328;100002;557.05;3;9967835681;S
20240328;100002;557.25;1;9967836090;B
20240328;100002;557.05;21;9967836105;S
20240328;100002;557;3;9967836106;S
20240328;100002;557;40;9967836108;S
20240328;100002;557;40;9967836109;S
20240328;100002;557;50;9967836116;S
20240328;100002;557;30;9967836123;S
20240328;100002;557.15;47;9967836164;B
20240328;100002;557.2;60;9967836165;B
20240328;100002;557.25;127;9967836166;B
20240328;100002;557.25;1;9967836249;B
20240328;100002;557.05;30;9967836369;S
20240328;100002;557.05;10;9967836442;S
20240328;100002;557.15;44;9967836509;B
20240328;100002;557.2;356;9967836510;B
20240328;100003;557.2;30;9967836814;B
20240328;100003;557.2;30;9967836815;B
20240328;100003;557.25;74;9967836862;B
20240328;100003;557.25;17;9967836935;B
20240328;100003;557.25;1;9967836938;B
20240328;100003;557.2;30;9967837052;S
20240328;100003;557.2;1;9967837111;S
20240328;100003;557.25;1;9967837112;B
20240328;100003;557.25;2;9967837176;B
20240328;100003;557.25;5;9967837251;B
20240328;100003;557.3;6;9967837252;B
20240328;100003;557.3;1;9967837253;B
20240328;100003;557.35;25;9967837254;B
20240328;100003;557.35;9;9967837256;B
20240328;100003;557.35;1;9967837265;B
20240328;100004;557.25;541;9967837302;B
20240328;100004;557.3;380;9967837303;B
20240328;100004;557.35;5;9967837304;B
20240328;100004;557.35;74;9967837305;B
20240328;100004;557.05;1;9967837947;S
20240328;100004;557.35;2;9967837949;B
20240328;100004;557.05;2;9967837950;S
20240328;100004;557.3;1;9967837952;B
20240328;100004;557.35;1;9967837953;B
20240328;100004;557.05;2;9967837955;S
20240328;100004;557.05;2;9967837956;S
20240328;100004;557.3;1;9967837959;B
20240328;100004;557.05;1;9967837983;S
20240328;100004;557.3;1;9967837987;B
20240328;100004;557.35;2;9967837990;B
20240328;100004;557.3;5;9967837993;B
20240328;100004;557.35;5;9967837994;B
20240328;100004;557.05;1;9967837996;S
20240328;100004;557.05;2;9967837998;S
20240328;100004;557.05;7;9967838029;S
20240328;100005;557.3;1;9967838232;B
20240328;100005;557.05;3;9967838327;S
20240328;100005;557.3;2;9967838330;B
20240328;100005;557.3;1;9967838332;B
20240328;100005;557.3;1;9967838333;B
20240328;100005;557.3;1;9967838336;B
20240328;100005;557.05;3;9967838341;S
20240328;100005;557.3;2;9967838344;B
20240328;100005;557.3;1;9967838347;B
20240328;100005;557.3;1;9967838349;B
20240328;100005;557.35;1;9967838350;B
20240328;100005;557.05;2;9967838353;S
20240328;100005;557.05;2;9967838354;S
20240328;100005;557.35;2;9967838356;B
20240328;100005;557.3;1;9967838357;B
20240328;100005;557.3;1;9967838359;B
20240328;100005;557.3;1;9967838361;B
20240328;100005;557.3;1;9967838362;B
20240328;100005;557.3;1;9967838520;B
20240328;100005;557.15;3;9967838819;S
20240328;100005;557.15;1;9967838831;S
20240328;100005;557.25;1;9967839000;B
20240328;100005;557.3;1;9967839001;B
20240328;100005;557.3;2;9967839002;B
20240328;100005;557.35;1;9967839003;B
20240328;100005;557.15;1;9967839005;S
20240328;100005;557.2;1;9967839012;B
20240328;100005;557.3;1;9967839013;B
20240328;100005;557.3;1;9967839015;B
20240328;100005;557.3;1;9967839022;B
20240328;100005;557.15;1;9967839023;S
20240328;100005;557.3;1;9967839025;B
20240328;100005;557.35;3;9967839026;B
20240328;100005;557.35;10;9967839029;B
20240328;100005;557.15;1;9967839102;S
20240328;100005;557.15;1;9967839256;S
20240328;100005;557.15;8;9967839331;S
20240328;100005;557.15;1;9967839343;S
20240328;100005;557.35;1;9967839414;B
20240328;100005;557.15;1;9967839416;S
20240328;100005;557.15;2;9967839420;S
20240328;100005;557.35;1;9967839421;B
20240328;100005;557.1;4;9967839426;S
20240328;100005;557.1;1;9967839427;S
20240328;100005;557.35;1;9967839428;B
20240328;100005;557.1;4;9967839430;S
20240328;100005;557.35;2;9967839432;B
20240328;100005;557.35;2;9967839441;B
20240328;100005;557.35;2;9967839442;B
20240328;100005;557.35;1;9967839444;B
20240328;100005;557.35;1;9967839445;B
20240328;100005;557.35;1;9967839448;B
20240328;100005;557.1;2;9967839453;S
20240328;100005;557.35;1;9967839454;B
20240328;100005;557.1;1;9967839456;S
20240328;100005;557.1;1;9967839465;S
20240328;100005;557.1;2;9967839474;S
20240328;100005;557.1;1;9967839588;S
20240328;100005;557.1;2;9967839604;S
20240328;100005;557.1;2;9967839609;S
20240328;100005;557.35;1;9967839616;B
20240328;100005;557.35;2;9967839620;B
20240328;100005;557.35;1;9967839629;B
20240328;100005;557.35;1;9967839637;B
20240328;100005;557.35;1;9967839642;B
20240328;100005;557.35;1;9967839648;B
20240328;100005;557.35;1;9967839655;B
20240328;100005;557.35;1;9967839664;B
20240328;100005;557.1;2;9967839671;S
20240328;100005;557.35;1;9967839674;B
20240328;100005;557.35;2;9967839675;B
20240328;100005;557.35;9;9967839676;B
20240328;100005;557.05;1;9967839679;S
20240328;100005;557.35;1;9967839680;B
20240328;100005;557.35;11;9967839681;B
20240328;100005;557.35;1;9967839682;B
20240328;100005;557.05;1;9967839683;S
20240328;100005;557.3;1;9967839686;B
20240328;100005;557.35;1;9967839687;B
20240328;100005;557.05;7;9967839688;S
20240328;100005;557.35;1;9967839697;B
20240328;100005;557.3;8;9967839702;B
20240328;100005;557.35;28;9967839703;B
20240328;100006;557.05;4;9967840082;S
20240328;100006;557.35;1;9967840088;B
20240328;100006;557.3;1;9967840090;B
20240328;100006;557.3;1;9967840099;B
20240328;100006;557.05;4;9967840104;S
20240328;100006;557.05;1;9967840110;S
20240328;100006;557.05;1;9967840111;S
20240328;100006;557.3;1;9967840112;B
20240328;100006;557.05;1;9967840115;S
20240328;100006;557.3;1;9967840125;B
20240328;100006;557.35;89;9967840126;B
20240328;100006;557.1;2;9967840129;S
20240328;100006;557.35;100;9967840132;B
20240328;100006;557.3;2;9967840148;B
20240328;100006;557.1;4;9967840151;S
20240328;100006;557.1;29;9967840153;S
20240328;100006;557.05;43;9967840154;S
20240328;100006;557.3;3;9967840159;B
20240328;100006;557.35;2;9967840160;B
20240328;100006;557.35;5;9967840161;B
20240328;100006;557.05;2;9967840163;S
20240328;100006;557.3;3;9967840272;B
20240328;100006;557.3;1;9967840276;B
20240328;100006;557.3;2;9967840279;B
20240328;100006;557.05;3;9967840282;S
20240328;100006;557.05;2;9967840298;S
20240328;100006;557.05;1;9967840306;S
20240328;100006;557.3;1;9967840331;B
20240328;100006;557.05;1;9967840425;S
20240328;100006;557.05;1;9967840453;S
20240328;100006;557.3;2;9967840701;B
20240328;100006;557.3;1;9967840708;B
20240328;100006;557.1;2;9967840711;S
20240328;100006;557.1;1;9967840713;S
20240328;100006;557.1;2;9967840719;S
20240328;100006;557.1;2;9967840722;S
20240328;100006;557.1;5;9967840725;S
20240328;100006;557.1;2;9967840728;S
20240328;100006;557.3;1;9967840733;B
20240328;100006;557.3;2;9967840734;B
20240328;100006;557.3;1;9967840737;B
20240328;100006;557.1;2;9967840743;S
20240328;100006;557.3;2;9967840745;B
20240328;100006;557.1;2;9967840747;S
20240328;100006;557.1;2;9967840750;S
20240328;100006;557.1;1;9967840827;S
20240328;100006;557.3;8;9967840885;B
20240328;100006;557.3;9;9967840894;B
20240328;100006;557.3;2;9967841030;B
20240328;100006;557.35;124;9967841031;B
20240328;100006;557.35;2;9967841032;B
20240328;100006;557.1;1;9967841254;S
20240328;100006;557.2;1;9967841370;B
20240328;100006;557.1;2;9967841371;S
20240328;100006;557.3;2;9967841373;B
20240328;100006;557.1;1;9967841377;S
20240328;100006;557.3;1;9967841378;B
20240328;100006;557.3;2;9967841379;B
20240328;100006;557.3;3;9967841381;B
20240328;100007;557.3;1;9967841779;B
20240328;100007;557.1;2;9967841785;S
20240328;100007;557.1;13;9967841797;S
20240328;100007;557.3;1;9967841807;B
20240328;100007;557.1;1;9967841811;S
20240328;100007;557.1;2;9967841814;S
20240328;100007;557.35;20;9967841894;B
20240328;100007;557.35;1;9967841952;B
20240328;100007;557.1;2;9967842054;S
20240328;100007;557.1;2;9967842059;S
20240328;100007;557.1;2;9967842062;S
20240328;100007;557.35;1;9967842068;B
20240328;100007;557.1;2;9967842071;S
20240328;100007;557.35;2;9967842075;B
20240328;100007;557.35;1;9967842079;B
20240328;100007;557.35;2;9967842082;B
20240328;100007;557.1;49;9967842083;S
20240328;100007;557.05;25;9967842084;S
20240328;100007;557.05;20;9967842085;S
20240328;100007;557;1222;9967842086;S
20240328;100007;557;2;9967842087;S
20240328;100007;557;182;9967842088;S
20240328;100007;557.3;2;9967842094;B
20240328;100007;557.3;1;9967842289;B
20240328;100007;557.3;1;9967842290;B
20240328;100007;557.15;2;9967842291;S
20240328;100007;557.15;2;9967842292;S
20240328;100007;557.15;1;9967842293;S
20240328;100007;557.15;2;9967842295;S
20240328;100007;557.05;18;9967842296;S
20240328;100007;557.05;4;9967842298;S
20240328;100007;557.3;21;9967842299;B
20240328;100007;557.35;79;9967842300;B
20240328;100007;557.35;2;9967842303;B
20240328;100008;557.3;22;9967842398;B
20240328;100008;557.35;28;9967842399;B
20240328;100008;557.35;50;9967842401;B
20240328;100008;557.3;127;9967842415;B
20240328;100008;557.25;541;9967842539;B
20240328;100008;557.3;500;9967842540;B
20240328;100008;557.3;100;9967842541;B
20240328;100008;557.4;2500;9967842542;B
20240328;100008;557.4;24;9967842543;B
20240328;100008;557.4;2;9967842544;B
20240328;100008;557.4;100;9967842545;B
20240328;100008;557.4;1;9967842546;B
20240328;100008;557.4;10;9967842547;B
20240328;100008;557.4;403;9967842548;B
20240328;100008;557.45;16;9967842549;B
20240328;100008;557.45;300;9967842550;B
20240328;100008;557.45;1;9967842551;B
20240328;100008;557.45;2;9967842552;B
20240328;100008;557.45;1;9967842553;B
20240328;100008;557.5;434;9967842554;B
20240328;100008;557.5;4;9967842555;B
20240328;100008;557.5;280;9967842556;B
20240328;100008;557.5;220;9967842557;B
20240328;100008;557.5;500;9967842558;B
20240328;100008;557.5;16;9967842559;B
20240328;100008;557.5;20;9967842560;B
20240328;100008;557.5;1;9967842561;B
20240328;100008;557.5;1;9967842562;B
20240328;100008;557.5;10;9967842563;B
20240328;100008;557.5;20;9967842564;B
20240328;100008;557.5;2;9967842565;B
20240328;100008;557.55;4;9967842566;B
20240328;100008;557.55;1;9967842567;B
20240328;100008;557.55;2;9967842568;B
20240328;100008;557.55;100;9967842569;B
20240328;100008;557.6;4;9967842570;B
20240328;100008;557.6;1500;9967842571;B
20240328;100008;557.6;2;9967842572;B
20240328;100008;557.65;4;9967842573;B
20240328;100008;557.65;2;9967842574;B
20240328;100008;557.65;400;9967842575;B
20240328;100008;557.65;100;9967842576;B
20240328;100008;557.65;2;9967842577;B
20240328;100008;557.7;4;9967842578;B
20240328;100008;557.7;1;9967842579;B
20240328;100008;557.7;300;9967842580;B
20240328;100008;557.7;500;9967842581;B
20240328;100008;557.7;2;9967842582;B
20240328;100008;557.75;4;9967842583;B
20240328;100008;557.75;1000;9967842584;B
20240328;100008;557.75;1;9967842585;B
20240328;100008;557.75;3;9967842586;B
20240328;100008;557.75;2500;9967842587;B
20240328;100008;557.75;1000;9967842588;B
20240328;100008;557.75;4;9967842589;B
20240328;100008;557.75;2;9967842590;B
20240328;100008;557.8;4;9967842591;B
20240328;100008;557.8;1;9967842592;B
20240328;100008;557.8;200;9967842593;B
20240328;100008;557.8;1344;9967842594;B
20240328;100008;557.65;100;9967842735;B
20240328;100008;557.2;21;9967842786;S
20240328;100008;557.65;3;9967842787;B
20240328;100008;557.6;1;9967842789;B
20240328;100008;557.6;1;9967842790;B
20240328;100008;557.2;2;9967842791;S
20240328;100008;557.6;2;9967842792;B
20240328;100008;557.2;1;9967842793;S
20240328;100008;557.5;1;9967842906;B
20240328;100008;557.25;1;9967843087;S
20240328;100008;557.25;2;9967843088;S
20240328;100008;557.25;2;9967843089;S
20240328;100008;557.25;5;9967843137;S
20240328;100008;557.2;5;9967843138;S
20240328;100009;557.2;5;9967843300;S
20240328;100009;557.4;5;9967843327;B
20240328;100009;557.45;5;9967843328;B
20240328;100009;557.5;4;9967843329;B
20240328;100009;557.5;30;9967843330;B
20240328;100009;557.55;506;9967843331;B
20240328;100009;557.2;1;9967843653;S
20240328;100009;557.2;2;9967843654;S
20240328;100009;557.5;1;9967843741;B
20240328;100009;557.55;4;9967843742;B
20240328;100010;557.45;5;9967844024;B
20240328;100010;557.55;31;9967844025;B
20240328;100010;557.55;5;9967844026;B
20240328;100010;557.6;12;9967844027;B
20240328;100010;557.65;1;9967844028;B
20240328;100010;557.65;1;9967844029;B
20240328;100010;557.65;445;9967844030;B
20240328;100010;557.2;10;9967844047;S
20240328;100010;557.2;1;9967844055;S
20240328;100010;557.55;10;9967844062;B
20240328;100010;557.6;10;9967844063;B
20240328;100010;557.5;5;9967844227;B
20240328;100010;557.55;1;9967844228;B
20240328;100010;557.6;9;9967844229;B
20240328;100010;557.6;400;9967844255;B
20240328;100010;557.25;1;9967844271;S
20240328;100011;557.25;27;9967844384;S
20240328;100011;557.6;1;9967844440;B
20240328;100011;557.65;3;9967844441;B
20240328;100011;557.5;10;9967844671;B
20240328;100013;557.5;14;9967845154;B
20240328;100014;557.5;13;9967845424;B
20240328;100015;557.5;28;9967845578;B
20240328;100015;557.45;1;9967845614;S
20240328;100015;557.5;35;9967845652;B
20240328;100015;557.5;1;9967845653;B
20240328;100015;557.5;2;9967845654;B
20240328;100015;557.5;62;9967845655;B
20240328;100015;557.5;5;9967845685;B
20240328;100015;557.5;2;9967845824;B
20240328;100015;557.5;8;9967845827;B
20240328;100016;557.5;5;9967845935;B
20240328;100016;557.5;17;9967845985;B
20240328;100016;557.5;50;9967846046;B
20240328;100017;557.5;3;9967846168;B
20240328;100017;557.45;1;9967846222;S
20240328;100017;557.45;1;9967846223;S
20240328;100017;557.45;1;9967846224;S
20240328;100017;557.45;1;9967846225;S
20240328;100017;557.4;6;9967846226;S
20240328;100017;557.45;45;9967846238;B
20240328;100018;557.4;1;9967846410;S
20240328;100019;557.4;163;9967846751;S
20240328;100019;557.2;35;9967846752;S
20240328;100019;557.15;524;9967846753;S
20240328;100019;557.4;27;9967846756;B
20240328;100019;557.4;73;9967846760;S
20240328;100019;557.15;50;9967846761;S
20240328;100019;557.4;35;9967846800;B
20240328;100019;557.45;496;9967846801;B
20240328;100019;557.5;469;9967846802;B
20240328;100019;557.45;53;9967846816;B
20240328;100019;557.45;20;9967846826;B
20240328;100019;557.25;35;9967846883;S
20240328;100019;557.2;15;9967846884;S
20240328;100019;557.45;1;9967846911;B
20240328;100019;557.45;23;9967846941;B
20240328;100020;557.4;2;9967846999;B
20240328;100020;557.35;11;9967847149;B
20240328;100020;557.35;89;9967847150;B
20240328;100020;557.4;1;9967847171;B
20240328;100021;557.25;1;9967847247;S
20240328;100021;557.25;34;9967847270;S
20240328;100021;557.2;65;9967847271;S
20240328;100021;557.2;4;9967847291;B
20240328;100021;557.15;250;9967847301;S
20240328;100021;557.2;4;9967847326;B
20240328;100021;557.2;1;9967847327;B
20240328;100021;557.2;111;9967847352;B
20240328;100021;557.15;3;9967847419;S
20240328;100022;557.15;1;9967847480;S
20240328;100022;557.3;1;9967847529;B
20240328;100022;557.3;36;9967847530;B
20240328;100022;557.2;2;9967847540;B
20240328;100022;557.25;20;9967847541;B
20240328;100022;557.3;78;9967847542;B
20240328;100023;557.15;1172;9967847676;S
20240328;100023;557.15;100;9967847677;S
20240328;100023;557.1;200;9967847678;B
20240328;100023;557.05;100;9967847681;B
20240328;100023;557.05;441;9967847698;B
20240328;100023;557.1;559;9967847699;B
20240328;100023;557;218;9967847806;S
20240328;100023;557;1;9967847807;S
20240328;100023;557;9;9967847808;S
20240328;100023;557;20;9967847809;S
20240328;100023;557;1;9967847810;S
20240328;100023;557;200;9967847811;S
20240328;100023;557;251;9967847812;S
20240328;100024;557.05;10;9967848488;B
20240328;100024;557;21;9967848537;S
20240328;100024;556.9;9;9967848538;S
20240328;100024;557.05;9;9967848540;B
20240328;100024;556.9;7;9967848555;S
20240328;100025;557.05;11;9967848586;B
20240328;100025;557.05;2;9967848587;B
20240328;100025;557.15;34;9967848588;B
20240328;100025;557.15;100;9967848589;B
20240328;100025;557.2;1;9967848590;B
20240328;100025;557.3;143;9967848591;B
20240328;100025;557.35;143;9967848592;B
20240328;100025;557.35;541;9967848593;B
20240328;100025;557.4;140;9967848594;B
20240328;100025;557.4;2000;9967848595;B
20240328;100025;557.4;600;9967848596;B
20240328;100025;557.45;100;9967848597;B
20240328;100025;557.5;379;9967848598;B
20240328;100025;557.5;300;9967848599;B
20240328;100025;557.5;1;9967848600;B
20240328;100025;557.5;100;9967848601;B
20240328;100025;557.55;1;9967848602;B
20240328;100025;557.55;100;9967848603;B
20240328;100025;557.6;100;9967848604;B
20240328;100025;557.65;356;9967848605;B
20240328;100025;557.7;12;9967848606;B
20240328;100025;557.7;360;9967848607;B
20240328;100025;557.75;1;9967848608;B
20240328;100025;557.75;100;9967848609;B
20240328;100025;557.75;303;9967848610;B
20240328;100025;557.8;1196;9967848611;B
20240328;100025;557.8;300;9967848612;B
20240328;100025;557.8;2;9967848613;B
20240328;100025;557.8;24;9967848614;B
20240328;100025;557.8;1;9967848615;B
20240328;100025;557.8;1;9967848616;B
20240328;100025;557.85;4;9967848617;B
20240328;100025;557.85;300;9967848618;B
20240328;100025;557.85;2;9967848619;B
20240328;100025;557.85;1000;9967848620;B
20240328;100025;557.9;2;9967848621;B
20240328;100025;557.9;4;9967848622;B
20240328;100025;557.9;100;9967848623;B
20240328;100025;557.9;1;9967848624;B
20240328;100025;557.9;500;9967848625;B
20240328;100025;557.9;10000;9967848626;B
20240328;100025;557.9;2;9967848627;B
20240328;100025;557.9;20;9967848628;B
20240328;100025;557.95;4;9967848629;B
20240328;100025;557.95;10;9967848630;B
20240328;100025;557.95;1;9967848631;B
20240328;100025;557.95;1;9967848632;B
20240328;100025;557.95;1;9967848633;B
20240328;100025;557.95;2;9967848634;B
20240328;100025;557.95;1;9967848635;B
20240328;100025;558;4;9967848636;B
20240328;100025;558;1;9967848637;B
20240328;100025;558;588;9967848638;B
20240328;100025;557.7;143;9967848641;B
20240328;100025;557.75;143;9967848642;B
20240328;100025;557.8;14;9967848643;B
20240328;100025;557.85;143;9967848644;B
20240328;100025;557.85;57;9967848645;B
20240328;100025;557.35;53;9967848646;S
20240328;100025;557.3;100;9967848647;S
20240328;100025;557.2;100;9967848657;B
20240328;100025;557.25;53;9967848658;B
20240328;100025;557.3;147;9967848659;B
20240328;100025;557.05;53;9967848672;S
20240328;100025;556.95;37;9967848673;S
20240328;100025;557;4;9967848676;S
20240328;100025;557;1;9967848698;S
20240328;100025;557;1;9967848699;S
20240328;100025;557.05;89;9967848740;S
20240328;100025;557.05;10;9967848816;S
20240328;100025;557.2;20;9967848862;B
20240328;100026;557.45;1;9967849067;B
20240328;100026;557.45;1;9967849099;B
20240328;100026;557.2;52;9967849105;S
20240328;100026;557.2;100;9967849106;S
20240328;100026;557.15;348;9967849107;S
20240328;100026;557.1;403;9967849112;S
20240328;100026;557.1;100;9967849113;S
20240328;100026;557.1;52;9967849114;S
20240328;100026;557;143;9967849115;S
20240328;100026;556.95;106;9967849116;S
20240328;100026;556.95;500;9967849117;S
20240328;100026;556.9;384;9967849118;S
20240328;100026;556.9;1;9967849119;S
20240328;100026;556.9;8;9967849120;S
20240328;100026;556.9;143;9967849121;S
20240328;100026;556.9;1;9967849122;S
20240328;100026;556.7;2;9967849123;S
20240328;100026;556.7;57;9967849124;S
20240328;100026;556.8;10;9967849150;S
20240328;100026;557.05;54;9967849179;B
20240328;100026;557.15;100;9967849180;B
20240328;100026;557.25;446;9967849181;B
20240328;100027;557;1;9967849250;S
20240328;100027;557;1;9967849251;S
20240328;100027;556.95;1;9967849252;S
20240328;100027;556.95;1;9967849253;S
20240328;100027;557.3;20;9967849271;B
20240328;100027;557.1;50;9967849332;S
20240328;100027;557.3;35;9967849359;B
20240328;100027;557.35;2;9967849360;B
20240328;100027;557.4;3;9967849361;B
20240328;100028;557.4;47;9967849410;B
20240328;100028;557.4;53;9967849411;B
20240328;100028;557.45;8;9967849412;B
20240328;100028;557.45;92;9967849413;B
20240328;100028;557.5;10;9967849415;B
20240328;100028;557.3;20;9967849416;S
20240328;100028;557.45;1;9967849432;B
20240328;100028;557.5;8;9967849433;B
20240328;100028;557.3;1;9967849745;S
20240328;100028;557.45;20;9967849753;B
20240328;100028;557.5;22;9967849754;B
20240328;100029;557.5;1;9967849798;B
20240328;100029;557.5;1;9967849803;B
20240328;100030;557.5;1;9967850415;B
20240328;100030;557.5;40;9967850424;B
20240328;100030;557.35;28;9967850425;S
20240328;100030;557.3;22;9967850426;S
20240328;100030;557.3;1;9967850499;S
20240328;100031;557.3;8;9967850505;S
20240328;100031;557.3;2;9967850557;B
20240328;100032;557.3;9;9967850837;B
20240328;100032;557.3;25;9967850992;B
20240328;100032;557.4;32;9967850993;B
20240328;100032;557.45;10;9967850994;B
20240328;100032;557.5;60;9967850995;B
20240328;100032;557.5;73;9967850996;B
20240328;100032;557.25;2;9967851009;S
20240328;100032;557.45;2;9967851010;B
20240328;100032;557.5;27;9967851240;B
20240328;100032;557.5;173;9967851241;B
20240328;100033;557.5;143;9967851372;B
20240328;100033;557.55;7;9967851373;B
20240328;100033;557.35;50;9967851431;S
20240328;100033;557.3;100;9967851432;S
20240328;100033;557.2;541;9967851433;S
20240328;100033;557.2;1082;9967851434;S
20240328;100033;557.15;403;9967851435;S
20240328;100033;557.05;441;9967851436;S
20240328;100033;557.05;11;9967851437;S
20240328;100033;557.05;72;9967851438;S
20240328;100033;557.35;9;9967851457;B
20240328;100033;557.15;15;9967851462;B
20240328;100034;557.1;1;9967851733;S
20240328;100034;557.4;50;9967851743;B
20240328;100035;557.2;3;9967851793;S
20240328;100035;557.3;150;9967851849;B
20240328;100035;557.3;12;9967851850;B
20240328;100035;557.2;49;9967851855;S
20240328;100035;557.15;100;9967851856;S
20240328;100035;557.05;71;9967851857;S
20240328;100035;557.05;30;9967851858;S
20240328;100035;557.3;5;9967851863;B
20240328;100035;557.3;333;9967851940;B
20240328;100035;557.3;3;9967851941;B
20240328;100035;557.45;100;9967851942;B
20240328;100035;557.45;403;9967851943;B
20240328;100035;557.55;136;9967851944;B
20240328;100035;557.55;10;9967851945;B
20240328;100035;557.55;15;9967851946;B
20240328;100036;557.5;1;9967852107;B
20240328;100036;557.5;49;9967852184;B
20240328;100036;557.55;31;9967852185;B
20240328;100036;557.45;2;9967852247;B
20240328;100036;557.55;18;9967852248;B
20240328;100037;557.55;1;9967852316;B
20240328;100037;557.55;18;9967852353;B
20240328;100037;557.55;10;9967852383;B
20240328;100037;557.4;150;9967852454;S
20240328;100037;557.35;52;9967852455;S
20240328;100037;557.25;48;9967852456;S
20240328;100037;557.25;2;9967852457;S
20240328;100037;557.5;1;9967852521;B
20240328;100038;557.3;1;9967852597;S
20240328;100038;557.25;50;9967852686;S
20240328;100038;557.45;37;9967852694;B
20240328;100039;557.45;2;9967852743;B
20240328;100039;557.45;10;9967852747;B
20240328;100039;557.45;46;9967852802;B
20240328;100039;557.45;51;9967852803;B
20240328;100039;557.55;1;9967852818;B
20240328;100039;557.55;64;9967852826;B
20240328;100039;557.55;25;9967852827;B
20240328;100039;557.55;100;9967852828;B
20240328;100039;557.6;143;9967852829;B
20240328;100039;557.6;100;9967852830;B
20240328;100039;557.6;167;9967852831;B
20240328;100039;557.6;6;9967852902;B
20240328;100039;557.6;1;9967852930;B
20240328;100039;557.45;100;9967853075;S
20240328;100040;557.55;15;9967853181;B
20240328;100040;557.55;85;9967853212;B
20240328;100040;557.55;100;9967853213;B
20240328;100040;557.6;315;9967853214;B
20240328;100040;557.6;11;9967853341;B
20240328;100040;557.6;2;9967853342;B
20240328;100040;557.6;137;9967853343;B
20240328;100041;557.6;6;9967853415;B
20240328;100041;557.6;9;9967853416;B
20240328;100041;557.55;2;9967853558;B
20240328;100041;557.6;394;9967853559;B
20240328;100041;557.6;5;9967853560;B
20240328;100041;557.6;143;9967853561;B
20240328;100041;557.65;143;9967853562;B
20240328;100041;557.65;2;9967853563;B
20240328;100041;557.7;143;9967853564;B
20240328;100041;557.75;100;9967853565;B
20240328;100041;557.8;862;9967853566;B
20240328;100042;557.5;100;9967853622;S
20240328;100042;557.45;52;9967853623;S
20240328;100042;557.4;5;9967853624;S
20240328;100042;557.3;7;9967853676;S
20240328;100042;557.35;500;9967853695;B
20240328;100042;557.35;2;9967853740;B
20240328;100042;557.3;2;9967853744;S
20240328;100043;557.35;18;9967853870;B
20240328;100043;557.3;5;9967853927;S
20240328;100043;557.35;10;9967853995;B
20240328;100043;557.35;27;9967854020;B
20240328;100043;557.35;2000;9967854071;B
20240328;100044;557.35;2500;9967854128;B
20240328;100044;557.35;158;9967854129;B
20240328;100044;557.45;6;9967854157;B
20240328;100044;557.45;46;9967854219;B
20240328;100044;557.5;781;9967854220;B
20240328;100044;557.4;3;9967854276;S
20240328;100044;557.45;100;9967854288;B
20240328;100044;557.5;219;9967854289;B
20240328;100044;557.55;1;9967854290;B
20240328;100044;557.6;5;9967854291;B
20240328;100044;557.65;403;9967854292;B
20240328;100044;557.7;143;9967854293;B
20240328;100044;557.75;61;9967854294;B
20240328;100045;557.5;6;9967854499;B
20240328;100045;557.5;1;9967854501;B
20240328;100045;557.45;55;9967854628;S
20240328;100045;557.4;100;9967854629;S
20240328;100045;557.35;95;9967854630;S
20240328;100046;557.35;60;9967854725;S
20240328;100046;557.5;179;9967854745;B
20240328;100046;557.5;38;9967854827;B
20240328;100046;557.5;5;9967854886;B
20240328;100046;557.5;17;9967854922;B
20240328;100046;557.5;55;9967854923;B
20240328;100046;557.65;1;9967854924;B
20240328;100046;557.65;5;9967854925;B
20240328;100046;557.7;22;9967854926;B
20240328;100048;557.75;6;9967855194;B
20240328;100048;557.75;4;9967855274;B
20240328;100048;557.8;1;9967855275;B
20240328;100048;557.8;2;9967855276;B
20240328;100048;557.8;18;9967855277;B
20240328;100048;557.8;10;9967855317;B
20240328;100048;557.8;3;9967855318;B
20240328;100048;557.6;100;9967855348;S
20240328;100048;557.55;54;9967855452;S
20240328;100048;557.55;246;9967855453;S
20240328;100049;557.5;50;9967855603;S
20240328;100049;557.7;5;9967855708;B
20240328;100049;557.75;45;9967855709;B
20240328;100050;557.75;1;9967855807;B
20240328;100050;557.75;3;9967855875;B
20240328;100050;557.5;10;9967855876;S
20240328;100050;557.6;13;9967856043;S
20240328;100051;557.75;54;9967856112;B
20240328;100051;557.75;50;9967856113;B
20240328;100051;557.8;97;9967856114;B
20240328;100051;557.8;100;9967856115;B
20240328;100051;557.85;3;9967856116;B
20240328;100051;557.85;1;9967856117;B
20240328;100051;557.85;331;9967856118;B
20240328;100051;557.85;100;9967856119;B
20240328;100051;557.85;57;9967856120;B
20240328;100051;557.9;2;9967856121;B
20240328;100051;557.9;20;9967856122;B
20240328;100051;557.9;385;9967856123;B
20240328;100051;557.85;45;9967856168;B
20240328;100052;557.85;5;9967856493;B
20240328;100052;557.9;39;9967856494;B
20240328;100052;557.85;300;9967856506;B
20240328;100052;557.7;5;9967856542;S
20240328;100052;557.9;5;9967856584;B
20240328;100052;557.7;49;9967856639;S
20240328;100052;557.6;100;9967856640;S
20240328;100052;557.6;1;9967856646;B
20240328;100053;557.6;10;9967856709;B
20240328;100053;557.5;541;9967856802;S
20240328;100053;557.5;403;9967856803;S
20240328;100053;557.5;56;9967856804;S
20240328;100053;557.6;28;9967856805;B
20240328;100053;557.6;4;9967856807;B
20240328;100053;557.45;2;9967856812;S
20240328;100054;557.5;40;9967856944;S
20240328;100054;557.45;198;9967856945;S
20240328;100054;557.45;30;9967856946;S
20240328;100054;557.4;74;9967856947;S
20240328;100054;557.4;158;9967856948;S
20240328;100054;557.6;196;9967857015;B
20240328;100054;557.6;100;9967857016;B
20240328;100054;557.65;54;9967857017;B
20240328;100054;557.8;210;9967857018;B
20240328;100054;557.8;7;9967857158;B
20240328;100054;557.55;46;9967857169;S
20240328;100054;557.45;54;9967857179;S
20240328;100054;557.4;541;9967857180;S
20240328;100054;557.35;200;9967857181;S
20240328;100054;557.35;212;9967857182;S
20240328;100054;557.4;1;9967857186;S
20240328;100055;557.6;1;9967857306;B
20240328;100055;557.35;55;9967857322;S
20240328;100055;557.35;541;9967857323;S
20240328;100055;557.35;100;9967857324;S
20240328;100055;557.3;6;9967857325;S
20240328;100055;557.3;18;9967857326;S
20240328;100055;557.5;10;9967857387;B
20240328;100056;557.5;1;9967857459;B
20240328;100056;557.3;12;9967857505;S
20240328;100056;557.3;38;9967857506;S
20240328;100056;557.3;4;9967857587;S
20240328;100057;557.5;45;9967857688;B
20240328;100057;557.6;100;9967857689;B
20240328;100057;557.7;100;9967857690;B
20240328;100057;557.75;292;9967857691;B
20240328;100057;557.6;5;9967857872;B
20240328;100058;557.45;541;9967858008;B
20240328;100058;557.5;259;9967858009;B
20240328;100059;557.5;14;9967858227;B
20240328;100059;557.5;10;9967858229;B
20240328;100059;557.5;100;9967858305;B
20240328;100100;557.4;8;9967858493;S
20240328;100100;557.45;1;9967858538;B
20240328;100101;557.45;5;9967858727;B
20240328;100102;557.45;2;9967859275;B
20240328;100102;557.45;3;9967859366;B
20240328;100103;557.45;8;9967859448;B
20240328;100103;557.45;10;9967859643;B
20240328;100103;557.45;2;9967859644;B
20240328;100104;557.45;4;9967859753;B
20240328;100104;557.45;50;9967859778;B
20240328;100104;557.4;42;9967859830;S
20240328;100104;557.3;101;9967859831;S
20240328;100104;557.3;143;9967859832;S
20240328;100104;557.3;2;9967859833;S
20240328;100104;557.3;72;9967859834;S
20240328;100104;557.45;1;9967859892;B
20240328;100104;557.45;150;9967859927;B
20240328;100105;557.5;1;9967860251;B
20240328;100106;557.5;1;9967860315;B
20240328;100106;557.5;1;9967860363;B
20240328;100106;557.45;50;9967860408;S
20240328;100106;557.45;5;9967860448;B
20240328;100106;557.45;4;9967860482;B
20240328;100106;557.45;15;9967860540;B
20240328;100106;557.45;256;9967860541;B
20240328;100106;557.45;144;9967860542;B
20240328;100106;557.45;10;9967860545;B
20240328;100108;557.45;1;9967860829;B
20240328;100109;557.45;1;9967861157;B
20240328;100109;557.45;385;9967861172;B
20240328;100109;557.45;5;9967861173;B
20240328;100109;557.5;14;9967861174;B
20240328;100109;557.5;54;9967861175;B
20240328;100109;557.5;120;9967861176;B
20240328;100109;557.5;900;9967861177;B
20240328;100109;557.5;1022;9967861178;B
20240328;100109;557.45;1;9967861243;S
20240328;100109;557.5;10;9967861245;B
20240328;100109;557.5;170;9967861328;B
20240328;100109;557.5;8;9967861336;B
20240328;100110;557.5;10;9967861383;B
20240328;100110;557.45;99;9967861419;S
20240328;100110;557.45;1;9967861562;B
20240328;100110;557.5;799;9967861563;B
20240328;100111;557.4;5;9967861659;S
20240328;100111;557.4;1;9967861660;S
20240328;100111;557.35;44;9967861661;S
20240328;100111;557.35;2;9967861730;S
20240328;100111;557.3;50;9967861768;S
20240328;100112;557.45;1;9967862031;B
20240328;100112;557.4;4;9967862068;S
20240328;100112;557.3;7;9967862069;S
20240328;100113;557.45;20;9967862202;B
20240328;100114;557.4;40;9967862323;B
20240328;100114;557.4;100;9967862348;B
20240328;100114;557.3;126;9967862358;S
20240328;100114;557.4;2;9967862399;B
20240328;100114;557.4;30;9967862405;B
20240328;100115;557.4;369;9967862576;B
20240328;100115;557.45;18;9967862577;B
20240328;100115;557.45;2;9967862578;B
20240328;100115;557.45;5;9967862579;B
20240328;100115;557.45;106;9967862580;B
20240328;100116;557.45;1;9967862797;B
20240328;100116;557.3;50;9967862828;S
20240328;100117;557.45;13;9967863017;B
20240328;100117;557.3;2;9967863147;S
20240328;100119;557.45;16;9967863419;B
20240328;100119;557.3;10;9967863671;S
20240328;100120;557.45;50;9967863742;B
20240328;100120;557.45;475;9967863774;B
20240328;100120;557.5;725;9967863775;B
20240328;100120;557.4;3;9967863860;S
20240328;100120;557.3;13;9967863861;S
20240328;100121;557.3;301;9967863982;S
20240328;100121;557.4;2;9967864028;B
20240328;100122;557.4;5;9967864197;B
20240328;100122;557.4;70;9967864248;B
20240328;100124;557.3;6;9967864475;S
20240328;100124;557.4;7;9967864529;B
20240328;100124;557.3;5;9967864546;S
20240328;100124;557.4;14;9967864637;B
20240328;100125;557.3;1358;9967864672;S
20240328;100125;557.3;3;9967864673;S
20240328;100125;557.3;28;9967864674;S
20240328;100125;557.3;53;9967864675;S
20240328;100125;557.3;40;9967864676;S
20240328;100125;557.3;6;9967864677;S
20240328;100125;557.25;10;9967864678;S
20240328;100125;557.25;100;9967864679;S
20240328;100125;557.2;5;9967864680;S
20240328;100125;557.2;20;9967864681;S
20240328;100125;557.15;40;9967864682;S
20240328;100125;557.15;5;9967864683;S
20240328;100125;557.15;143;9967864684;S
20240328;100125;557.1;158;9967864685;S
20240328;100125;557.1;5;9967864686;S
20240328;100125;557.1;26;9967864687;S
20240328;100126;557.15;53;9967865008;S
20240328;100126;557.15;47;9967865009;S
20240328;100126;557.1;403;9967865109;S
20240328;100126;557.05;200;9967865110;S
20240328;100126;557.05;143;9967865111;S
20240328;100126;557.05;100;9967865112;S
20240328;100126;557.05;40;9967865113;S
20240328;100126;557;123;9967865114;S
20240328;100126;557;8;9967865115;S
20240328;100126;557;50;9967865116;S
20240328;100126;557;5;9967865117;S
20240328;100126;557;200;9967865118;S
20240328;100126;557;400;9967865119;S
20240328;100126;557;3;9967865120;S
20240328;100126;557;50;9967865121;S
20240328;100126;557;20;9967865122;S
20240328;100126;557;1;9967865123;S
20240328;100126;557;123;9967865124;S
20240328;100126;557;115;9967865125;S
20240328;100126;557;2;9967865126;S
20240328;100126;557;1;9967865127;S
20240328;100126;557;4;9967865128;S
20240328;100126;557;10;9967865129;S
20240328;100126;557;73;9967865130;S
20240328;100126;557;143;9967865131;S
20240328;100126;557;10;9967865132;S
20240328;100126;557;425;9967865133;S
20240328;100127;556.95;3;9967865264;B
20240328;100127;556.95;10;9967865278;B
20240328;100127;556.95;1;9967865313;B
20240328;100127;556.95;1;9967865347;B
20240328;100128;556.95;10;9967865439;B
20240328;100128;556.95;361;9967865442;B
20240328;100128;557;100;9967865448;B
20240328;100128;556.9;15;9967865462;S
20240328;100128;556.9;143;9967865463;S
20240328;100128;556.9;1;9967865464;S
20240328;100129;556.95;1;9967865615;B
20240328;100129;556.95;1;9967865716;B
20240328;100129;556.9;87;9967865804;S
20240328;100130;556.85;1;9967866047;S
20240328;100130;556.85;44;9967866048;S
20240328;100130;556.95;1;9967866156;B
20240328;100130;556.95;1;9967866179;B
20240328;100130;556.85;63;9967866186;S
20240328;100131;556.85;36;9967866235;S
20240328;100131;556.85;1;9967866236;S
20240328;100131;556.95;10;9967866259;B
20240328;100133;556.95;5;9967866722;B
20240328;100133;556.95;5;9967866723;B
20240328;100133;556.95;5;9967866724;B
20240328;100133;556.95;5;9967866725;B
20240328;100133;556.95;2;9967866726;B
20240328;100133;556.95;1;9967866780;B
20240328;100133;556.95;2;9967866812;B
20240328;100133;556.95;5;9967866813;B
20240328;100133;556.95;5;9967866814;B
20240328;100133;556.95;5;9967866815;B
20240328;100133;556.95;2;9967866816;B
20240328;100133;556.95;4;9967866817;B
20240328;100134;556.95;1;9967866879;B
20240328;100134;556.95;5;9967866880;B
20240328;100134;557;2;9967866881;B
20240328;100134;557;21;9967866966;B
20240328;100135;556.95;24;9967867036;S
20240328;100135;557.05;1;9967867179;B
20240328;100135;557.1;49;9967867180;B
20240328;100136;557;5;9967867422;B
20240328;100136;557.2;1;9967867423;B
20240328;100136;557.2;99;9967867424;B
20240328;100137;557.1;5;9967867589;S
20240328;100137;557.2;7;9967867638;B
20240328;100139;557.15;1;9967867898;B
20240328;100139;557.15;4;9967867924;B
20240328;100139;557.1;4;9967867929;S
20240328;100139;557.15;1;9967867934;B
20240328;100139;557.15;4;9967867970;B
20240328;100139;557.2;13;9967867971;B
20240328;100140;557.2;14;9967868076;B
20240328;100140;557.25;10;9967868077;B
20240328;100140;557.25;100;9967868078;B
20240328;100140;557.25;2;9967868079;B
20240328;100140;557.3;720;9967868080;B
20240328;100140;557.1;4;9967868112;S
20240328;100140;557.05;46;9967868113;S
20240328;100140;557.05;6;9967868178;S
20240328;100140;557.05;100;9967868179;S
20240328;100140;557;24;9967868180;S
20240328;100141;557.25;9;9967868257;B
20240328;100141;557.05;52;9967868260;S
20240328;100141;557;13;9967868261;S
20240328;100141;557.25;10;9967868354;B
20240328;100141;557.25;1;9967868399;B
20240328;100142;557.1;36;9967868623;B
20240328;100143;557;263;9967868701;S
20240328;100143;557;43;9967868702;S
20240328;100143;557;180;9967868703;S
20240328;100143;557;1;9967868704;S
20240328;100143;556.95;100;9967868721;S
20240328;100143;557;1;9967868813;B
20240328;100144;557;112;9967868834;B
20240328;100144;557.1;14;9967868835;B
20240328;100144;557.1;100;9967868836;B
20240328;100144;557.15;52;9967868837;B
20240328;100144;557.2;541;9967868838;B
20240328;100144;557.25;500;9967868839;B
20240328;100144;557.3;280;9967868840;B
20240328;100144;557.3;1;9967868841;B
20240328;100144;557.3;2;9967868842;B
20240328;100144;557.3;1000;9967868843;B
20240328;100144;557.3;143;9967868844;B
20240328;100144;557.35;10;9967868915;B
20240328;100144;557.35;90;9967868916;B
20240328;100145;557.3;2;9967869077;S
20240328;100145;557.3;248;9967869216;S
20240328;100145;557.35;10;9967869217;B
20240328;100145;557.3;5;9967869255;S
20240328;100145;557.05;53;9967869262;S
20240328;100145;556.95;47;9967869263;S
20240328;100146;557;1;9967869374;S
20240328;100146;556.95;6;9967869375;S
20240328;100146;556.95;21;9967869389;S
20240328;100146;557.2;53;9967869424;B
20240328;100146;557.2;1;9967869425;B
20240328;100146;556.95;2;9967869495;S
20240328;100147;556.95;200;9967869550;S
20240328;100147;556.95;14;9967869551;S
20240328;100147;557.15;20;9967869592;B
20240328;100147;556.85;1;9967869594;S
20240328;100148;557.15;1;9967869714;B
20240328;100148;557;30;9967869731;S
20240328;100148;557;30;9967869732;S
20240328;100149;556.95;10;9967869981;B
20240328;100149;556.95;1;9967869983;B
20240328;100151;557;100;9967870326;B
20240328;100151;557;14;9967870329;B
20240328;100153;557;3;9967870808;B
20240328;100153;557;50;9967870823;B
20240328;100154;557;1;9967870956;B
20240328;100154;556.95;1;9967870988;S
20240328;100154;557;15;9967870989;B
20240328;100155;557;2;9967871107;B
20240328;100155;557;100;9967871156;B
20240328;100155;557;50;9967871177;B
20240328;100156;557;1;9967871305;B
20240328;100156;556.95;60;9967871317;S
20240328;100156;556.95;5;9967871318;S
20240328;100157;556.95;10;9967871402;B
20240328;100157;556.95;50;9967871415;B
20240328;100157;556.95;10;9967871427;B
20240328;100157;556.95;2;9967871483;B
20240328;100158;556.95;9;9967871537;B
20240328;100158;556.9;1;9967871594;S
20240328;100158;556.8;3;9967871595;S
20240328;100158;556.8;143;9967871596;S
20240328;100158;556.8;20;9967871597;S
20240328;100158;556.8;88;9967871598;S
20240328;100159;556.9;20;9967871808;B
20240328;100159;556.95;80;9967871809;B
20240328;100201;556.95;55;9967872083;B
20240328;100202;556.95;406;9967872505;B
20240328;100202;557;604;9967872506;B
20240328;100202;557;46;9967872507;B
20240328;100202;557;10;9967872508;B
20240328;100202;557;300;9967872509;B
20240328;100202;557;1134;9967872510;B
20240328;100203;556.9;1;9967872579;S
20240328;100203;556.95;50;9967872590;B
20240328;100203;556.95;58;9967872721;B
20240328;100203;557;8790;9967872747;B
20240328;100203;557;500;9967872748;B
20240328;100203;557.05;1;9967872749;B
20240328;100203;557.05;1379;9967872750;B
20240328;100203;557.05;100;9967872751;B
20240328;100203;557.2;25;9967872752;B
20240328;100203;557.2;4000;9967872753;B
20240328;100203;557.2;205;9967872754;B
20240328;100204;557.3;100;9967872820;B
20240328;100204;557.3;1;9967872887;B
20240328;100204;557.3;4;9967872950;B
20240328;100204;557.3;10;9967872951;B
20240328;100205;557.2;2;9967872970;S
20240328;100207;557.3;1;9967873489;B
20240328;100207;557.3;23;9967873561;B
20240328;100207;557.3;2;9967873562;B
20240328;100207;557.3;10;9967873563;B
20240328;100207;557.35;2;9967873564;B
20240328;100207;557.35;13;9967873565;B
20240328;100207;557.35;100;9967873600;B
20240328;100208;557.35;387;9967873687;B
20240328;100208;557.35;51;9967873688;B
20240328;100208;557.35;2;9967873689;B
20240328;100208;557.4;1;9967873690;B
20240328;100208;557.4;59;9967873691;B
20240328;100208;557.35;50;9967873830;B
20240328;100209;557.35;46;9967873939;S
20240328;100209;557.35;117;9967873949;S
20240328;100209;557.4;5;9967874030;B
20240328;100209;557.35;5;9967874031;S
20240328;100209;557.4;10;9967874056;B
20240328;100209;557.4;50;9967874180;B
20240328;100210;557.4;30;9967874207;B
20240328;100210;557.4;2;9967874314;B
20240328;100210;557.35;1;9967874328;S
20240328;100211;557.4;2;9967874437;B
20240328;100211;557.4;1;9967874476;B
20240328;100211;557.4;1;9967874602;B
20240328;100212;557.4;1;9967874648;B
20240328;100212;557.4;1;9967874649;B
20240328;100212;557.35;82;9967874659;S
20240328;100212;557.3;5;9967874660;S
20240328;100212;557.2;83;9967874661;S
20240328;100212;557.2;5;9967874662;S
20240328;100212;557.15;100;9967874663;S
20240328;100212;557.1;100;9967874664;S
20240328;100212;557.05;517;9967874665;S
20240328;100212;557.05;541;9967874666;S
20240328;100212;557;1100;9967874667;S
20240328;100212;557;10;9967874668;S
20240328;100212;557;457;9967874669;S
20240328;100213;557;1;9967874971;S
20240328;100213;557.2;2;9967874979;B
20240328;100213;557.25;15;9967874980;B
20240328;100214;557.25;63;9967875053;B
20240328;100214;557.25;100;9967875054;B
20240328;100214;557.3;541;9967875055;B
20240328;100214;557.35;600;9967875056;B
20240328;100214;557.4;196;9967875057;B
20240328;100214;557.35;1;9967875211;B
20240328;100216;557.35;34;9967875490;B
20240328;100216;557.35;65;9967875525;B
20240328;100216;557.35;5;9967875526;B
20240328;100216;557.35;5;9967875527;B
20240328;100216;557.4;642;9967875528;B
20240328;100216;557.4;1189;9967875529;B
20240328;100216;557.4;2;9967875530;B
20240328;100216;557.4;92;9967875531;B
20240328;100216;557.35;318;9967875656;S
20240328;100216;557.3;81;9967875657;S
20240328;100218;557.25;44;9967875945;S
20240328;100219;557.3;5;9967875993;B
20240328;100219;557.3;1;9967876068;B
20240328;100219;557.3;16;9967876076;B
20240328;100219;557.3;6;9967876115;B
20240328;100220;557.3;2;9967876155;B
20240328;100220;557.3;2;9967876173;B
20240328;100220;557.3;1;9967876177;B
20240328;100221;557.3;50;9967876562;B
20240328;100222;557.25;115;9967876623;S
20240328;100222;557.2;15;9967876624;S
20240328;100223;557.15;20;9967876843;B
20240328;100223;557.2;10;9967876844;B
20240328;100224;557.2;1;9967877027;B
20240328;100226;557.2;438;9967877346;B
20240328;100226;557.25;81;9967877347;B
20240328;100226;557.25;100;9967877348;B
20240328;100226;557.3;381;9967877349;B
20240328;100226;557.3;20;9967877350;B
20240328;100227;557.2;5;9967877467;S
20240328;100228;557.25;5;9967877693;S
20240328;100228;557.25;24;9967877843;B
20240328;100228;557.1;10;9967877864;S
20240328;100230;557.25;32;9967878182;B
20240328;100232;557.2;1;9967878501;B
20240328;100232;557.25;1;9967878502;B
20240328;100233;557.25;2;9967878785;B
20240328;100234;557.25;20;9967878921;B
20240328;100235;557.25;100;9967879027;B
20240328;100235;557.25;2;9967879050;B
20240328;100236;557.25;120;9967879101;B
20240328;100236;557.25;500;9967879218;B
20240328;100237;557.25;1;9967879401;B
20240328;100237;557.25;5;9967879615;B
20240328;100238;557.2;2;9967879702;S
20240328;100238;557.25;1;9967879723;B
20240328;100238;557.2;8;9967879730;S
20240328;100238;557.15;72;9967879731;S
20240328;100238;557.1;4;9967879732;S
20240328;100238;557.1;100;9967879733;S
20240328;100238;557.1;62;9967879734;S
20240328;100239;557.1;5;9967879835;S
20240328;100239;557.15;1;9967879894;B
20240328;100240;557.15;1;9967879998;B
20240328;100240;557.1;31;9967880024;S
20240328;100240;557.1;314;9967880025;S
20240328;100240;557.1;1;9967880058;B
20240328;100240;557.1;1;9967880117;B
20240328;100241;557.1;14;9967880241;B
20240328;100242;557.1;1;9967880337;B
20240328;100242;557.1;40;9967880342;B
20240328;100242;557.05;6;9967880407;S
20240328;100242;557.05;4;9967880443;S
20240328;100242;557.05;10;9967880444;S
20240328;100242;557.05;6;9967880445;S
20240328;100242;557.05;18;9967880446;S
20240328;100242;557;5;9967880447;S
20240328;100242;557;7;9967880448;S
20240328;100242;557.1;8;9967880508;B
20240328;100242;557.1;20;9967880592;B
20240328;100243;557.05;1;9967880611;S
20240328;100243;557.1;2;9967880745;B
20240328;100244;557.1;343;9967880829;B
20240328;100244;557.15;98;9967880830;B
20240328;100244;557.2;62;9967880831;B
20240328;100244;557.25;2187;9967880832;B
20240328;100244;557.25;2;9967880833;B
20240328;100244;557.25;50;9967880834;B
20240328;100244;557.25;100;9967880835;B
20240328;100244;557.25;100;9967880836;B
20240328;100244;557.3;1;9967880838;B
20240328;100244;557.3;1;9967880867;B
20240328;100244;557.3;115;9967880910;B
20240328;100244;557.3;85;9967880911;B
20240328;100245;557.3;3;9967881154;B
20240328;100246;557.25;150;9967881196;S
20240328;100246;557.25;50;9967881262;S
20240328;100246;557.3;200;9967881315;B
20240328;100247;557.3;23;9967881385;B
20240328;100247;557.25;40;9967881396;S
20240328;100247;557.3;3;9967881409;B
20240328;100247;557.25;120;9967881502;S
20240328;100248;557.25;100;9967881556;S
20240328;100248;557.3;86;9967881601;B
20240328;100248;557.3;15;9967881602;B
20240328;100248;557.3;5;9967881618;B
20240328;100248;557.3;10;9967881638;B
20240328;100249;557.3;1;9967881693;B
20240328;100249;557.3;1;9967881753;B
20240328;100249;557.3;2;9967881756;B
20240328;100249;557.25;60;9967881770;S
20240328;100249;557.3;25;9967881807;B
20240328;100250;557.3;20;9967881835;B
20240328;100250;557.25;1538;9967881836;S
20240328;100250;557.25;100;9967881837;S
20240328;100250;557.2;62;9967881838;S
20240328;100251;557.3;21;9967882158;B
20240328;100251;557.3;10;9967882159;B
20240328;100251;557.3;100;9967882160;B
20240328;100251;557.3;169;9967882161;B
20240328;100251;557.2;1;9967882202;S
20240328;100252;557.3;1;9967882315;B
20240328;100252;557.3;1;9967882361;B
20240328;100254;557.3;10;9967882769;B
20240328;100255;557.3;30;9967883668;B
20240328;100255;557.3;4;9967883796;B
20240328;100255;557.3;3;9967883797;B
20240328;100255;557.25;40;9967883862;S
20240328;100256;557.3;50;9967884061;B
20240328;100256;557.3;2500;9967884068;B
20240328;100256;557.25;1;9967884097;S
20240328;100257;557.3;25;9967884165;B
20240328;100258;557.25;1;9967884428;S
20240328;100259;557.3;35;9967884486;B
20240328;100259;557.3;2;9967884526;B
20240328;100301;557.3;13;9967884930;B
20240328;100301;557.25;2;9967884942;S
20240328;100302;557.25;2;9967884979;S
20240328;100302;557.25;5;9967884980;S
20240328;100302;557.3;2;9967885108;B
20240328;100302;557.3;1;9967885113;B
20240328;100302;557.3;10;9967885128;B
20240328;100303;557.25;10;9967885155;S
20240328;100303;557.3;27;9967885254;B
20240328;100303;557.25;1;9967885264;S
20240328;100303;557.3;2;9967885268;B
20240328;100304;557.25;2;9967885357;S
20240328;100304;557.25;1;9967885385;S
20240328;100305;557.3;2;9967885541;B
20240328;100306;557.3;30;9967885573;B
20240328;100306;557.3;1;9967885575;B
20240328;100306;557.3;40;9967885731;B
20240328;100306;557.3;1;9967885735;B
20240328;100306;557.3;1;9967885736;B
20240328;100307;557.25;12;9967885859;S
20240328;100308;557.25;1;9967886007;S
20240328;100308;557.25;1;9967886012;S
20240328;100308;557.3;150;9967886058;B
20240328;100308;557.25;150;9967886085;S
20240328;100308;557.3;100;9967886089;B
20240328;100308;557.3;250;9967886102;B
20240328;100309;557.25;9;9967886124;S
20240328;100309;557.3;5;9967886145;B
20240328;100309;557.3;10;9967886218;B
20240328;100309;557.3;10;9967886237;B
20240328;100310;557.3;30;9967886376;B
20240328;100312;557.25;20;9967886665;S
20240328;100312;557.3;2;9967886700;B
20240328;100312;557.25;650;9967886754;S
20240328;100313;557.25;13;9967886884;S
20240328;100314;557.25;165;9967886992;S
20240328;100314;557.25;9;9967886993;S
20240328;100314;557.25;20;9967886994;S
20240328;100314;557.25;100;9967886995;S
20240328;100314;557.25;390;9967886996;S
20240328;100314;557.25;100;9967886997;S
20240328;100314;557.2;7;9967887009;S
20240328;100314;557.2;3;9967887010;S
20240328;100314;557.2;2;9967887011;S
20240328;100314;557.2;1;9967887012;S
20240328;100314;557.2;9;9967887013;S
20240328;100314;557.15;67;9967887014;S
20240328;100314;557.15;5;9967887015;S
20240328;100314;557.15;1;9967887016;S
20240328;100314;557.1;25;9967887017;S
20240328;100314;557.25;5;9967887025;B
20240328;100314;557.25;21;9967887146;B
20240328;100315;557.25;190;9967887349;B
20240328;100315;557.25;61;9967887350;B
20240328;100315;557.25;249;9967887351;B
20240328;100316;557.25;5;9967887367;B
20240328;100316;557.3;5;9967887388;B
20240328;100317;557.25;1;9967887494;S
20240328;100317;557.3;170;9967887547;B
20240328;100318;557.3;10;9967887675;B
20240328;100318;557.3;454;9967887676;B
20240328;100318;557.3;50;9967887677;B
20240328;100318;557.3;5;9967887678;B
20240328;100318;557.3;1;9967887679;B
20240328;100318;557.3;45;9967887680;B
20240328;100318;557.3;100;9967887787;B
20240328;100319;557.25;199;9967887891;S
20240328;100319;557.25;4;9967887892;S
20240328;100319;557.25;297;9967887893;B
20240328;100319;557.25;291;9967887894;B
20240328;100319;557.3;37;9967887895;B
20240328;100320;557.3;818;9967888179;B
20240328;100320;557.3;4;9967888180;B
20240328;100320;557.3;10;9967888181;B
20240328;100320;557.3;168;9967888182;B
20240328;100320;557.3;332;9967888183;B
20240328;100320;557.3;871;9967888184;B
20240328;100320;557.3;1;9967888205;B
20240328;100320;557.3;2;9967888214;B
20240328;100320;557.3;3;9967888243;B
20240328;100320;557.3;7;9967888255;B
20240328;100320;557.3;5;9967888275;B
20240328;100321;557.3;4;9967888325;B
20240328;100321;557.3;1;9967888332;B
20240328;100321;557.3;9;9967888368;B
20240328;100321;557.3;500;9967888372;B
20240328;100321;557.3;7;9967888395;B
20240328;100321;557.3;2;9967888415;B
20240328;100321;557.3;4;9967888446;B
20240328;100322;557.3;200;9967888566;B
20240328;100322;557.3;15;9967888567;B
20240328;100322;557.3;2;9967888603;B
20240328;100322;557.25;11;9967888607;S
20240328;100322;557.25;4;9967888608;S
20240328;100322;557.2;2;9967888610;S
20240328;100322;557.25;50;9967888613;B
20240328;100322;557.15;50;9967888624;S
20240328;100322;557.2;1;9967888641;S
20240328;100322;557.15;7;9967888681;S
20240328;100322;557.3;1;9967888701;B
20240328;100323;557.2;1;9967888778;S
20240328;100323;557.3;7;9967888908;B
20240328;100324;557.25;7;9967889102;B
20240328;100324;557.3;92;9967889185;B
20240328;100324;557.3;100;9967889207;B
20240328;100325;557.25;244;9967889246;S
20240328;100325;557.25;256;9967889247;S
20240328;100325;557.3;2;9967889263;B
20240328;100325;557.3;3;9967889401;B
20240328;100326;557.2;1;9967889660;S
20240328;100326;557.15;1;9967889661;S
20240328;100327;557.25;50;9967889786;B
20240328;100329;557.25;1950;9967890190;B
20240328;100329;557.25;100;9967890191;B
20240328;100329;557.25;319;9967890192;B
20240328;100330;557.3;1;9967890366;B
20240328;100330;557.3;1;9967890387;B
20240328;100331;557.3;300;9967890515;B
20240328;100331;557.3;5;9967890542;B
20240328;100331;557.3;2;9967890570;B
20240328;100331;557.3;15;9967890604;B
20240328;100332;557.3;1;9967890760;B
20240328;100332;557.3;2;9967890909;B
20240328;100333;557.3;3;9967890930;B
20240328;100333;557.3;10;9967890975;B
20240328;100334;557.25;182;9967891159;S
20240328;100334;557.25;1;9967891169;S
20240328;100334;557.25;3;9967891211;S
20240328;100335;557.3;20;9967891506;B
20240328;100336;557.25;5;9967891609;S
20240328;100337;557.25;2;9967891750;S
20240328;100337;557.3;100;9967891805;B
20240328;100337;557.25;1;9967891840;S
20240328;100339;557.3;3;9967892239;B
20240328;100339;557.25;15;9967892264;S
20240328;100339;557.25;1;9967892265;S
20240328;100339;557.25;1;9967892272;S
20240328;100339;557.3;10;9967892295;B
20240328;100339;557.25;420;9967892321;S
20240328;100339;557.25;30;9967892322;S
20240328;100340;557.3;5;9967892358;B
20240328;100340;557.25;20;9967892424;S
20240328;100340;557.25;10;9967892425;S
20240328;100340;557.25;70;9967892426;S
20240328;100340;557.25;10;9967892427;S
20240328;100340;557.2;30;9967892483;S
20240328;100340;557.25;2;9967892487;B
20240328;100341;557.25;15;9967892519;B
20240328;100341;557.2;37;9967892563;S
20240328;100341;557.15;2;9967892564;S
20240328;100341;557.15;16;9967892565;S
20240328;100341;557.15;373;9967892566;S
20240328;100342;557.2;10;9967892730;S
20240328;100343;557.15;137;9967892876;S
20240328;100344;557.2;10;9967893224;B
20240328;100344;557.25;6;9967893225;B
20240328;100344;557.25;184;9967893226;B
20240328;100344;557.25;1;9967893343;B
20240328;100344;557.3;86;9967893344;B
20240328;100346;557.3;1598;9967893603;B
20240328;100346;557.3;500;9967893604;B
20240328;100346;557.3;18;9967893605;B
20240328;100346;557.3;103;9967893606;B
20240328;100346;557.35;1000;9967893607;B
20240328;100346;557.35;20;9967893608;B
20240328;100346;557.35;2;9967893609;B
20240328;100346;557.35;500;9967893610;B
20240328;100346;557.35;328;9967893611;B
20240328;100346;557.35;100;9967893612;B
20240328;100346;557.4;20;9967893613;B
20240328;100346;557.4;1;9967893614;B
20240328;100346;557.4;10;9967893615;B
20240328;100346;557.4;100;9967893616;B
20240328;100346;557.4;35;9967893617;B
20240328;100346;557.4;1;9967893618;B
20240328;100346;557.4;400;9967893619;B
20240328;100346;557.45;5000;9967893620;B
20240328;100346;557.45;20;9967893621;B
20240328;100346;557.45;2;9967893622;B
20240328;100346;557.45;3;9967893623;B
20240328;100346;557.45;100;9967893624;B
20240328;100346;557.45;2;9967893625;B
20240328;100346;557.45;2;9967893626;B
20240328;100346;557.45;2;9967893627;B
20240328;100346;557.45;120;9967893628;B
20240328;100346;557.45;20;9967893629;B
20240328;100346;557.5;50;9967893630;B
20240328;100346;557.5;10;9967893631;B
20240328;100346;557.5;5;9967893632;B
20240328;100346;557.5;10;9967893633;B
20240328;100346;557.5;8;9967893634;B
20240328;100346;557.5;30;9967893635;B
20240328;100346;557.5;204;9967893636;B
20240328;100346;557.5;403;9967893637;B
20240328;100346;557.5;100;9967893638;S
20240328;100346;557.5;200;9967893639;S
20240328;100346;557.5;500;9967893640;S
20240328;100346;557.5;60;9967893647;S
20240328;100347;557.55;20;9967893714;B
20240328;100347;557.5;949;9967893744;S
20240328;100347;557.5;1;9967893753;S
20240328;100347;557.55;3;9967893800;B
20240328;100348;557.5;4;9967893871;S
20240328;100348;557.55;10;9967893873;B
20240328;100348;557.55;3;9967893925;B
20240328;100349;557.55;6;9967894059;B
20240328;100349;557.5;100;9967894101;S
20240328;100350;557.55;7;9967894309;B
20240328;100351;557.55;3;9967894379;B
20240328;100351;557.5;1;9967894390;S
20240328;100351;557.5;3;9967894461;S
20240328;100352;557.55;12;9967894532;B
20240328;100352;557.55;36;9967894544;B
20240328;100352;557.55;2;9967894545;B
20240328;100352;557.55;42;9967894546;B
20240328;100352;557.55;28;9967894593;B
20240328;100352;557.5;3;9967894637;S
20240328;100353;557.55;471;9967894646;B
20240328;100353;557.55;1;9967894647;B
20240328;100353;557.6;207;9967894648;B
20240328;100353;557.6;30;9967894649;B
20240328;100353;557.6;4;9967894650;B
20240328;100353;557.6;287;9967894651;B
20240328;100353;557.5;250;9967894659;S
20240328;100353;557.55;20;9967894701;B
20240328;100353;557.55;2;9967894709;B
20240328;100353;557.55;2;9967894721;B
20240328;100353;557.5;22;9967894781;S
20240328;100354;557.5;17;9967894844;S
20240328;100354;557.55;19;9967894903;B
20240328;100354;557.6;21;9967894904;B
20240328;100355;557.6;1029;9967894976;B
20240328;100355;557.6;21;9967894977;B
20240328;100355;557.65;1;9967895016;B
20240328;100355;557.65;20;9967895070;B
20240328;100355;557.7;11;9967895074;B
20240328;100356;557.6;9;9967895144;S
20240328;100356;557.7;259;9967895159;B
20240328;100356;557.7;9;9967895160;B
20240328;100356;557.7;2;9967895161;B
20240328;100356;557.7;1;9967895162;B
20240328;100356;557.7;2;9967895163;B
20240328;100356;557.7;10;9967895164;B
20240328;100356;557.7;491;9967895165;B
20240328;100356;557.65;60;9967895176;S
20240328;100356;557.65;40;9967895177;S
20240328;100356;557.7;2;9967895181;B
20240328;100356;557.7;7;9967895231;B
20240328;100356;557.7;1;9967895237;B
20240328;100356;557.7;1;9967895238;B
20240328;100357;557.7;2;9967895280;B
20240328;100357;557.7;4;9967895300;B
20240328;100357;557.7;1;9967895312;B
20240328;100357;557.7;1;9967895318;B
20240328;100357;557.7;2;9967895386;B
20240328;100358;557.65;170;9967895410;S
20240328;100358;557.6;143;9967895411;S
20240328;100358;557.6;100;9967895412;S
20240328;100358;557.6;10;9967895413;S
20240328;100358;557.55;143;9967895414;S
20240328;100358;557.55;434;9967895415;S
20240328;100359;557.7;1;9967895673;B
20240328;100401;557.7;5;9967895963;B
20240328;100401;557.7;82;9967896045;B
20240328;100401;557.75;450;9967896046;B
20240328;100401;557.75;100;9967896047;B
20240328;100401;557.75;100;9967896048;B
20240328;100401;557.75;268;9967896049;B
20240328;100403;557.75;403;9967896324;B
20240328;100403;557.8;5;9967896325;B
20240328;100403;557.8;50;9967896326;B
20240328;100403;557.8;93;9967896327;B
20240328;100403;557.8;5;9967896328;B
20240328;100403;557.8;600;9967896329;B
20240328;100403;557.8;100;9967896330;B
20240328;100403;557.8;55;9967896331;B
20240328;100403;557.8;2;9967896332;B
20240328;100403;557.8;250;9967896333;B
20240328;100403;557.8;120;9967896334;B
20240328;100403;557.8;40;9967896335;B
20240328;100403;557.85;2;9967896336;B
20240328;100403;557.85;6;9967896337;B
20240328;100403;557.85;100;9967896338;B
20240328;100403;557.85;250;9967896339;B
20240328;100403;557.85;100;9967896340;B
20240328;100403;557.85;500;9967896341;B
20240328;100403;557.85;100;9967896342;B
20240328;100403;557.85;331;9967896343;B
20240328;100403;557.9;200;9967896344;B
20240328;100403;557.9;200;9967896345;B
20240328;100403;557.9;15;9967896346;B
20240328;100403;557.9;1000;9967896347;B
20240328;100403;557.9;1;9967896348;B
20240328;100403;557.9;200;9967896349;B
20240328;100403;557.9;4;9967896350;B
20240328;100403;557.9;2;9967896351;B
20240328;100403;557.9;143;9967896352;B
20240328;100403;557.95;2;9967896353;B
20240328;100403;557.95;6;9967896354;B
20240328;100403;557.95;1;9967896355;B
20240328;100403;557.95;1000;9967896356;B
20240328;100403;557.95;12;9967896357;B
20240328;100403;557.95;600;9967896358;B
20240328;100403;557.95;4;9967896359;B
20240328;100403;557.95;200;9967896360;B
20240328;100403;557.95;50;9967896361;B
20240328;100403;557.95;680;9967896362;B
20240328;100403;557.95;11;9967896363;B
20240328;100403;557.95;100;9967896364;B
20240328;100403;557.95;1;9967896365;B
20240328;100403;557.95;1;9967896366;B
20240328;100403;557.95;1;9967896367;B
20240328;100403;557.95;2;9967896368;B
20240328;100403;557.95;330;9967896369;B
20240328;100403;557.95;50;9967896370;B
20240328;100403;557.95;500;9967896371;B
20240328;100403;557.95;1000;9967896372;B
20240328;100403;557.95;9;9967896373;B
20240328;100403;557.95;10;9967896374;B
20240328;100403;557.95;1000;9967896375;B
20240328;100403;557.95;5;9967896376;B
20240328;100403;557.95;1;9967896377;B
20240328;100403;557.95;1;9967896378;B
20240328;100403;557.95;9;9967896379;B
20240328;100403;557.95;500;9967896380;B
20240328;100403;557.95;1;9967896381;B
20240328;100403;557.95;100;9967896382;B
20240328;100403;557.95;143;9967896383;B
20240328;100403;557.95;295;9967896384;B
20240328;100403;558;1998;9967896385;B
20240328;100403;557.95;1;9967896390;B
20240328;100404;557.9;5;9967896505;B
20240328;100404;557.9;403;9967896506;B
20240328;100404;557.9;60;9967896507;B
20240328;100404;557.95;142;9967896508;B
20240328;100404;557.95;310;9967896509;B
20240328;100404;557.7;5;9967896562;S
20240328;100404;557.7;35;9967896572;S
20240328;100405;557.95;600;9967896637;B
20240328;100405;557.95;143;9967896638;B
20240328;100405;557.95;14;9967896639;B
20240328;100405;558;3414;9967896640;B
20240328;100405;558;2;9967896641;B
20240328;100405;558;1;9967896642;B
20240328;100405;558;1000;9967896643;B
20240328;100405;558;10;9967896644;B
20240328;100405;558;5;9967896645;B
20240328;100405;558;10;9967896646;B
20240328;100405;558;1;9967896647;B
20240328;100405;558;395;9967896648;B
20240328;100405;558;5;9967896649;B
20240328;100405;558;4;9967896650;B
20240328;100405;558;1;9967896651;B
20240328;100405;558;7;9967896652;B
20240328;100405;558;10;9967896653;B
20240328;100405;558;5;9967896654;B
20240328;100405;558;1;9967896655;B
20240328;100405;558;1372;9967896656;B
20240328;100405;557.95;14;9967896722;B
20240328;100407;557.95;7;9967896981;B
20240328;100407;557.8;30;9967897080;S
20240328;100408;557.75;100;9967897104;S
20240328;100408;557.7;75;9967897105;S
20240328;100408;557.65;541;9967897106;S
20240328;100408;557.65;100;9967897107;S
20240328;100408;557.65;1;9967897108;S
20240328;100408;557.6;403;9967897109;S
20240328;100408;557.6;139;9967897110;B
20240328;100408;557.6;5;9967897169;B
20240328;100408;557.6;8;9967897186;B
20240328;100408;557.6;2;9967897187;B
20240328;100409;557.55;6;9967897254;S
20240328;100409;557.55;5;9967897255;S
20240328;100409;557.5;89;9967897256;S
20240328;100409;557.55;10;9967897424;B
20240328;100410;557.55;2;9967897456;B
20240328;100410;557.55;2;9967897462;B
20240328;100410;557.55;2;9967897602;B
20240328;100410;557.55;525;9967897603;B
20240328;100410;557.55;60;9967897604;B
20240328;100410;557.6;1415;9967897605;B
20240328;100410;557.6;4;9967897615;B
20240328;100413;557.55;1;9967898350;B
20240328;100414;557.55;5;9967898543;B
20240328;100414;557.55;1;9967898676;B
20240328;100415;557.55;53;9967898692;B
20240328;100415;557.5;1;9967898730;S
20240328;100415;557.55;375;9967898778;B
20240328;100415;557.6;2207;9967898779;B
20240328;100415;557.6;355;9967898780;B
20240328;100415;557.65;100;9967898781;B
20240328;100415;557.65;152;9967898782;B
20240328;100415;557.7;75;9967898783;B
20240328;100415;557.7;100;9967898784;B
20240328;100415;557.8;403;9967898785;B
20240328;100415;557.8;5;9967898786;B
20240328;100415;557.9;143;9967898787;B
20240328;100415;557.9;1;9967898788;B
20240328;100415;557.95;122;9967898789;B
20240328;100415;557.95;1;9967898790;B
20240328;100415;557.95;1;9967898791;B
20240328;100415;557.95;100;9967898792;B
20240328;100415;557.95;1082;9967898793;B
20240328;100415;558;278;9967898794;B
20240328;100416;557.75;1;9967898960;S
20240328;100416;557.75;1;9967898972;S
20240328;100418;557.85;1;9967899234;B
20240328;100418;557.75;78;9967899271;S
20240328;100418;557.75;149;9967899272;S
20240328;100418;557.75;10;9967899273;S
20240328;100418;557.7;100;9967899274;S
20240328;100418;557.65;100;9967899275;S
20240328;100418;557.6;50;9967899276;S
20240328;100418;557.55;513;9967899277;S
20240328;100418;557.6;100;9967899283;S
20240328;100418;557.85;2;9967899299;B
20240328;100420;557.7;1;9967899550;B
20240328;100420;557.7;2;9967899634;B
20240328;100421;557.7;2;9967899818;B
20240328;100422;557.7;2;9967899974;B
20240328;100423;557.55;10;9967900281;S
20240328;100423;557.7;15;9967900301;B
20240328;100424;557.7;16;9967900325;B
20240328;100424;557.7;2;9967900327;B
20240328;100424;557.7;1;9967900328;B
20240328;100425;557.7;1;9967900533;B
20240328;100425;557.55;10;9967900572;S
20240328;100425;557.55;1;9967900573;S
20240328;100425;557.55;3;9967900574;S
20240328;100425;557.5;6;9967900575;S
20240328;100425;557.5;3;9967900576;S
20240328;100425;557.5;3;9967900625;S
20240328;100426;557.5;461;9967900658;S
20240328;100426;557.5;15;9967900659;S
20240328;100426;557.5;143;9967900660;S
20240328;100426;557.5;100;9967900661;S
20240328;100426;557.5;1;9967900662;S
20240328;100426;557.5;144;9967900663;S
20240328;100426;557.45;136;9967900664;S
20240328;100426;557.45;3;9967900709;S
20240328;100429;557.65;2;9967901361;B
20240328;100430;557.65;28;9967901510;B
20240328;100430;557.7;30;9967901548;B
20240328;100431;557.5;300;9967901830;S
20240328;100431;557.5;7;9967901831;S
20240328;100432;557.5;2;9967901935;B
20240328;100432;557.45;5;9967902001;S
20240328;100432;557.45;5;9967902002;S
20240328;100434;557.5;10;9967902171;B
20240328;100434;557.4;1;9967902185;S
20240328;100434;557.4;4;9967902191;S
20240328;100434;557.35;143;9967902192;S
20240328;100434;557.35;3;9967902193;S
20240328;100434;557.5;5;9967902195;B
20240328;100435;557.5;1;9967902375;B
20240328;100438;557.35;10;9967902804;S
20240328;100439;557.5;66;9967903020;B
20240328;100439;557.5;77;9967903021;B
20240328;100439;557.5;20;9967903022;B
20240328;100439;557.55;337;9967903023;B
20240328;100442;557.5;3;9967903446;B
20240328;100442;557.5;630;9967903447;B
20240328;100442;557.55;9;9967903448;B
20240328;100442;557.55;258;9967903449;B
20240328;100442;557.4;16;9967903465;S
20240328;100443;557.55;10;9967903611;B
20240328;100444;557.55;40;9967903703;B
20240328;100444;557.55;304;9967903731;B
20240328;100444;557.55;204;9967903747;B
20240328;100444;557.5;5;9967903753;S
20240328;100444;557.45;45;9967903754;S
20240328;100444;557.55;81;9967903824;B
20240328;100445;557.55;106;9967903901;B
20240328;100446;557.55;30;9967904099;B
20240328;100447;557.55;1;9967904335;B
20240328;100448;557.55;15;9967904460;B
20240328;100448;557.55;5;9967904529;B
20240328;100449;557.5;1;9967904621;S
20240328;100449;557.55;100;9967904644;B
20240328;100449;557.55;1;9967904703;B
20240328;100449;557.55;20;9967904780;B
20240328;100449;557.55;2;9967904782;B
20240328;100450;557.55;2;9967904922;B
20240328;100450;557.5;1;9967904923;S
20240328;100451;557.55;1;9967904953;B
20240328;100451;557.5;1;9967905036;S
20240328;100452;557.5;250;9967905114;S
20240328;100453;557.55;1;9967905433;B
20240328;100453;557.55;261;9967905443;B
20240328;100454;557.55;1;9967905493;B
20240328;100454;557.5;847;9967905505;S
20240328;100454;557.5;137;9967905506;S
20240328;100454;557.5;11;9967905507;S
20240328;100454;557.5;2000;9967905508;S
20240328;100454;557.45;403;9967905509;S
20240328;100454;557.45;100;9967905510;S
20240328;100454;557.45;500;9967905693;B
20240328;100455;557.45;2;9967905720;B
20240328;100455;557.4;5;9967905753;S
20240328;100455;557.45;540;9967905761;B
20240328;100455;557.4;3;9967905826;S
20240328;100456;557.45;8;9967905908;B
20240328;100456;557.45;10;9967905932;B
20240328;100456;557.45;1;9967905964;B
20240328;100456;557.45;1;9967905976;B
20240328;100457;557.45;2;9967906051;B
20240328;100458;557.45;1;9967906329;B
20240328;100458;557.45;2;9967906379;B
20240328;100458;557.45;1;9967906411;B
20240328;100459;557.45;150;9967906583;B
20240328;100459;557.45;2;9967906587;B
20240328;100500;557.4;12;9967906689;S
20240328;100500;557.4;142;9967906690;S
20240328;100500;557.35;133;9967906691;S
20240328;100500;557.35;1;9967906692;S
20240328;100500;557.35;150;9967906693;S
20240328;100500;557.35;100;9967906694;S
20240328;100500;557.3;15;9967906695;S
20240328;100500;557.3;400;9967906696;S
20240328;100500;557.3;20;9967906697;S
20240328;100500;557.3;143;9967906698;S
20240328;100500;557.3;4;9967906699;S
20240328;100500;557.3;28;9967906700;S
20240328;100500;557.3;403;9967906701;S
20240328;100500;557.25;5;9967906702;S
20240328;100500;557.25;30;9967906703;S
20240328;100500;557.25;50;9967906704;S
20240328;100500;557.25;2;9967906705;S
20240328;100500;557.25;30;9967906706;S
20240328;100500;557.25;143;9967906707;S
20240328;100500;557.25;82;9967906708;S
20240328;100500;557.2;20;9967906709;S
20240328;100500;557.2;55;9967906710;S
20240328;100500;557.15;21;9967906711;S
20240328;100500;557.15;1000;9967906712;S
20240328;100500;557.1;15;9967906713;S
20240328;100500;557.1;4;9967906714;S
20240328;100500;557.1;18;9967906715;S
20240328;100500;557.1;40;9967906716;S
20240328;100500;557.1;4;9967906717;S
20240328;100500;557.1;2;9967906718;S
20240328;100500;557.1;1622;9967906719;S
20240328;100500;557.1;541;9967906720;S
20240328;100500;557.1;100;9967906721;S
20240328;100500;557.05;5;9967906722;S
20240328;100500;557.05;50;9967906723;S
20240328;100500;557.05;1;9967906724;S
20240328;100500;557.05;5;9967906725;S
20240328;100500;557.05;20;9967906726;S
20240328;100500;557.05;5;9967906727;S
20240328;100500;557.05;1000;9967906728;S
20240328;100500;557.05;700;9967906729;S
20240328;100500;557.05;10;9967906730;S
20240328;100500;557;108;9967906731;S
20240328;100500;557;850;9967906732;S
20240328;100500;557;1000;9967906733;S
20240328;100500;557;2270;9967906734;S
20240328;100500;557;1;9967906735;S
20240328;100500;557;20;9967906736;S
20240328;100500;557;1;9967906737;S
20240328;100500;557;30;9967906738;S
20240328;100500;557;5;9967906739;S
20240328;100500;557;5;9967906740;S
20240328;100500;557;10;9967906741;S
20240328;100500;557;9;9967906742;S
20240328;100500;557;125;9967906743;S
20240328;100500;557;3;9967906744;S
20240328;100500;557;50;9967906745;S
20240328;100500;557;1085;9967906746;S
20240328;100500;557;140;9967906747;S
20240328;100500;557;2;9967906748;S
20240328;100500;557;32;9967906749;S
20240328;100500;557;1;9967906750;S
20240328;100500;557;3;9967906751;S
20240328;100500;557;1;9967906752;S
20240328;100500;557;10;9967906753;S
20240328;100500;557;1000;9967906754;S
20240328;100500;557;1;9967906755;S
20240328;100500;557;1;9967906756;S
20240328;100500;557;1;9967906757;S
20240328;100500;557;50;9967906758;S
20240328;100500;557;2;9967906759;S
20240328;100500;556.95;42;9967906761;S
20240328;100500;556.95;10;9967906762;S
20240328;100500;556.95;10;9967906763;S
20240328;100500;556.95;5;9967906764;S
20240328;100500;556.95;1;9967906765;S
20240328;100500;556.95;32;9967906766;S
20240328;100500;556.95;200;9967906767;S
20240328;100500;556.95;100;9967906768;S
20240328;100500;557;53;9967906867;B
20240328;100500;557;9;9967906898;B
20240328;100501;556.95;100;9967907013;S
20240328;100501;556.95;1;9967907137;S
20240328;100501;557;5;9967907170;B
20240328;100501;557;1;9967907176;B
20240328;100501;557;5;9967907182;B
20240328;100502;556.95;1;9967907331;B
20240328;100503;556.95;2;9967907383;B
20240328;100503;556.95;2;9967907519;B
20240328;100504;556.95;5;9967907687;B
20240328;100504;556.95;20;9967907797;B
20240328;100505;556.9;1;9967907870;S
20240328;100505;556.9;4;9967907895;S
20240328;100505;556.9;40;9967907897;S
20240328;100506;556.95;1;9967908301;B
20240328;100506;556.95;1;9967908302;B
20240328;100507;556.95;9;9967908455;B
20240328;100507;556.9;8;9967908472;S
20240328;100507;556.95;44;9967908509;B
20240328;100507;556.95;20;9967908514;B
20240328;100508;556.95;20;9967908526;B
20240328;100508;556.95;4;9967908607;B
20240328;100508;556.95;5;9967908640;B
20240328;100509;556.9;1;9967909036;S
20240328;100509;556.9;1;9967909037;S
20240328;100509;556.9;1;9967909038;S
20240328;100509;556.9;1;9967909039;S
20240328;100510;556.95;25;9967909134;B
20240328;100510;556.95;1;9967909206;B
20240328;100511;556.95;150;9967909349;B
20240328;100511;556.95;2;9967909411;B
20240328;100511;556.95;229;9967909442;B
20240328;100511;556.95;20;9967909443;B
20240328;100511;556.95;2;9967909444;B
20240328;100511;556.95;2;9967909445;B
20240328;100511;556.95;1;9967909446;B
20240328;100511;556.95;60;9967909447;B
20240328;100511;556.95;26;9967909490;S
20240328;100512;557;10;9967909514;B
20240328;100512;556.95;460;9967909582;S
20240328;100512;556.95;90;9967909583;S
20240328;100512;556.95;74;9967909751;S
20240328;100514;557;222;9967910173;B
20240328;100515;557;1;9967910250;B
20240328;100515;556.95;1;9967910251;S
20240328;100515;556.95;399;9967910252;S
20240328;100516;556.95;1;9967910514;B
20240328;100516;556.95;14;9967910515;B
20240328;100516;556.95;4;9967910615;B
20240328;100517;556.95;6;9967910730;B
20240328;100517;556.95;2;9967910745;B
20240328;100518;556.95;1;9967911037;B
20240328;100518;556.9;2;9967911048;S
20240328;100518;556.95;36;9967911199;B
20240328;100518;556.95;37;9967911246;B
20240328;100518;556.95;5;9967911247;B
20240328;100518;556.95;58;9967911248;B
20240328;100519;556.95;1;9967911422;S
20240328;100519;557;35;9967911442;B
20240328;100519;557;200;9967911508;B
20240328;100520;556.95;2;9967911587;S
20240328;100520;556.95;17;9967911622;S
20240328;100520;556.9;22;9967911623;S
20240328;100520;556.9;5;9967911624;S
20240328;100520;556.85;122;9967911625;S
20240328;100521;556.8;38;9967911782;S
20240328;100521;556.8;32;9967911783;S
20240328;100523;556.85;1;9967912165;B
20240328;100524;556.85;4;9967912612;B
20240328;100528;556.85;157;9967913353;B
20240328;100528;556.9;2;9967913354;B
20240328;100528;556.9;29;9967913355;B
20240328;100528;556.8;23;9967913361;S
20240328;100528;556.8;156;9967913362;S
20240328;100528;556.8;5;9967913363;S
20240328;100528;556.8;1;9967913364;S
20240328;100528;556.8;315;9967913365;S
20240328;100528;556.9;271;9967913403;B
20240328;100528;556.9;100;9967913404;B
20240328;100528;556.95;29;9967913405;B
20240328;100529;556.95;18;9967913514;B
20240328;100529;556.8;2;9967913538;S
20240328;100529;556.8;10;9967913562;S
20240328;100530;556.95;5;9967913675;B
20240328;100530;556.95;50;9967913710;B
20240328;100530;556.95;10;9967913737;B
20240328;100530;556.8;673;9967913800;S
20240328;100530;556.8;30;9967913801;S
20240328;100530;556.8;100;9967913802;S
20240328;100530;556.8;5;9967913803;S
20240328;100530;556.8;1;9967913804;S
20240328;100530;556.75;20;9967913805;S
20240328;100530;556.75;5;9967913806;S
20240328;100530;556.75;5;9967913807;S
20240328;100530;556.75;2;9967913808;S
20240328;100530;556.75;1;9967913809;S
20240328;100530;556.75;158;9967913810;S
20240328;100531;556.85;100;9967913908;B
20240328;100531;556.85;100;9967913909;B
20240328;100532;556.8;1;9967913983;S
20240328;100533;556.8;30;9967914338;S
20240328;100534;556.9;1;9967914484;B
20240328;100535;556.9;1;9967914746;B
20240328;100536;556.85;30;9967914886;S
20240328;100536;556.85;1;9967914901;S
20240328;100538;556.9;1;9967915185;B
20240328;100538;556.9;1;9967915249;B
20240328;100538;556.85;36;9967915255;S
20240328;100538;556.9;100;9967915294;B
20240328;100539;556.9;8;9967915455;B
20240328;100539;556.9;100;9967915456;B
20240328;100539;556.9;8;9967915457;B
20240328;100540;556.95;1;9967915509;B
20240328;100540;556.95;1;9967915556;B
20240328;100541;556.95;2;9967915696;B
20240328;100542;556.95;1;9967915811;B
20240328;100542;556.95;1;9967915854;B
20240328;100543;556.95;70;9967916005;B
20240328;100544;556.95;1;9967916155;B
20240328;100544;556.95;34;9967916265;B
20240328;100546;556.9;3;9967916604;S
20240328;100547;556.95;20;9967916727;B
20240328;100547;556.9;1;9967916936;S
20240328;100547;556.95;200;9967916950;B
20240328;100548;556.95;66;9967917083;B
20240328;100548;556.9;1;9967917132;S
20240328;100548;556.9;1;9967917133;S
20240328;100549;556.9;2;9967917166;S
20240328;100549;556.95;1;9967917229;B
20240328;100549;556.9;2;9967917268;S
20240328;100549;556.85;13;9967917269;S
20240328;100549;556.85;5;9967917270;S
20240328;100549;556.95;2;9967917352;B
20240328;100549;556.9;6;9967917369;S
20240328;100550;556.9;4;9967917476;B
20240328;100550;556.85;1;9967917532;S
20240328;100551;556.9;10;9967917682;B
20240328;100551;556.9;162;9967917683;B
20240328;100551;556.95;290;9967917684;B
20240328;100552;556.95;18;9967917733;B
20240328;100552;556.95;1;9967917742;B
20240328;100552;556.95;500;9967917766;B
20240328;100553;556.9;2;9967917883;B
20240328;100553;556.85;1;9967917911;S
20240328;100553;556.9;100;9967917961;B
20240328;100553;556.9;2;9967917966;B
20240328;100554;556.9;89;9967918160;B
20240328;100554;556.9;1;9967918164;B
20240328;100554;556.9;996;9967918201;B
20240328;100554;556.95;1679;9967918202;B
20240328;100554;556.95;50;9967918203;B
20240328;100554;556.95;500;9967918204;B
20240328;100554;557;1012;9967918205;B
20240328;100554;557;25;9967918206;B
20240328;100554;557;2;9967918207;B
20240328;100554;557;490;9967918208;B
20240328;100554;557;89;9967918209;B
20240328;100554;557;50;9967918210;B
20240328;100554;557;149;9967918211;B
20240328;100554;557;958;9967918212;B
20240328;100554;557;4;9967918239;B
20240328;100554;557;1;9967918244;B
20240328;100556;557;1;9967918473;B
20240328;100556;557;1000;9967918515;B
20240328;100556;557;10;9967918521;B
20240328;100558;557;26;9967918899;B
20240328;100558;557;196;9967918900;B
20240328;100558;557;500;9967918925;B
20240328;100558;557;1;9967919012;B
20240328;100559;557;1;9967919060;B
20240328;100559;557;56;9967919118;B
20240328;100559;557;1;9967919142;B
20240328;100559;557;67;9967919161;B
20240328;100559;556.95;1;9967919249;S
20240328;100600;557;45;9967919278;B
20240328;100600;557;1000;9967919300;B
20240328;100600;557;500;9967919398;B
20240328;100600;557;733;9967919399;B
20240328;100600;557;8;9967919400;B
20240328;100600;557;741;9967919401;B
20240328;100600;557;330;9967919402;B
20240328;100600;557;197;9967919403;B
20240328;100601;556.95;30;9967919459;S
20240328;100601;556.95;15;9967919492;S
20240328;100601;556.95;7;9967919523;S
20240328;100602;556.95;35;9967919624;S
20240328;100602;557;2;9967919716;B
20240328;100602;557;1;9967919754;B
20240328;100603;557;120;9967919863;B
20240328;100604;557;100;9967920109;B
20240328;100604;557;600;9967920128;B
20240328;100604;557;6;9967920167;B
20240328;100605;556.95;453;9967920237;S
20240328;100605;556.95;100;9967920238;S
20240328;100605;556.95;5;9967920239;S
20240328;100605;556.95;403;9967920240;S
20240328;100605;556.95;50;9967920241;S
20240328;100605;556.95;4;9967920242;S
20240328;100605;556.9;2;9967920243;S
20240328;100605;556.9;143;9967920244;S
20240328;100605;556.9;5;9967920245;S
20240328;100605;556.9;5;9967920246;S
20240328;100605;556.85;15;9967920247;S
20240328;100605;556.85;5;9967920248;S
20240328;100605;556.85;143;9967920249;S
20240328;100605;556.85;89;9967920250;S
20240328;100605;556.85;1;9967920251;S
20240328;100605;556.8;15;9967920252;S
20240328;100605;556.8;50;9967920253;S
20240328;100605;556.8;50;9967920254;S
20240328;100605;556.8;143;9967920255;S
20240328;100605;556.8;5;9967920256;S
20240328;100605;556.8;5;9967920257;S
20240328;100605;556.8;3;9967920258;S
20240328;100605;556.75;100;9967920259;S
20240328;100605;556.75;40;9967920260;S
20240328;100605;556.7;180;9967920261;S
20240328;100605;556.7;2000;9967920262;S
20240328;100605;556.65;1;9967920263;S
20240328;100605;556.65;1000;9967920264;S
20240328;100605;556.6;1;9967920265;S
20240328;100605;556.55;5;9967920266;S
20240328;100605;556.55;1;9967920267;S
20240328;100605;556.5;45;9967920268;S
20240328;100605;556.5;200;9967920269;S
20240328;100605;556.5;1;9967920270;S
20240328;100605;556.5;115;9967920271;S
20240328;100605;556.5;20;9967920272;S
20240328;100605;556.5;1;9967920273;S
20240328;100605;556.5;1;9967920274;S
20240328;100605;556.5;10;9967920275;S
20240328;100605;556.45;1;9967920276;S
20240328;100605;556.45;1000;9967920277;S
20240328;100605;556.45;100;9967920278;S
20240328;100605;556.4;1;9967920279;S
20240328;100605;556.4;1;9967920280;S
20240328;100605;556.35;1;9967920281;S
20240328;100605;556.35;1000;9967920282;S
20240328;100605;556.3;1;9967920283;S
20240328;100605;556.3;1;9967920284;S
20240328;100605;556.25;1;9967920285;S
20240328;100605;556.25;1;9967920286;S
20240328;100605;556.25;1;9967920287;S
20240328;100605;556.25;168;9967920288;S
20240328;100605;556.25;308;9967920289;S
20240328;100605;556.65;2;9967920327;B
20240328;100605;556.6;1;9967920349;S
20240328;100605;556.6;1;9967920350;S
20240328;100605;556.6;1;9967920352;S
20240328;100605;556.6;1;9967920353;S
20240328;100605;556.65;1;9967920360;B
20240328;100605;556.65;1;9967920361;B
20240328;100606;556.65;10;9967920397;S
20240328;100606;556.65;25;9967920402;S
20240328;100606;556.65;10;9967920414;S
20240328;100606;556.7;40;9967920415;B
20240328;100606;556.8;10;9967920489;B
20240328;100606;556.85;10;9967920490;B
20240328;100607;556.9;74;9967920558;B
20240328;100607;557;426;9967920559;B
20240328;100608;556.85;19;9967920880;B
20240328;100610;556.85;1;9967921092;B
20240328;100610;556.85;23;9967921093;B
20240328;100611;556.85;3;9967921328;B
20240328;100612;556.85;1;9967921472;B
20240328;100612;556.85;1;9967921500;B
20240328;100612;556.85;2;9967921511;B
20240328;100612;556.9;18;9967921512;B
20240328;100612;556.9;5;9967921534;B
20240328;100613;556.9;100;9967921602;B
20240328;100614;556.9;47;9967921821;B
20240328;100614;556.95;15;9967921822;B
20240328;100614;556.95;10;9967921823;B
20240328;100614;556.95;28;9967921824;B
20240328;100614;556.95;1;9967921935;B
20240328;100615;556.95;2;9967921997;B
20240328;100615;557;1;9967922015;B
20240328;100616;556.95;10;9967922197;B
20240328;100616;557;35;9967922198;B
20240328;100617;556.9;10;9967922347;S
20240328;100617;556.9;50;9967922351;S
20240328;100618;556.9;47;9967922409;S
20240328;100618;556.85;283;9967922410;S
20240328;100619;556.85;1;9967922804;S
20240328;100620;556.9;1;9967922864;B
20240328;100620;556.95;10;9967922865;B
20240328;100620;556.95;3;9967922866;B
20240328;100620;556.95;134;9967922867;B
20240328;100620;556.95;1;9967922880;B
20240328;100620;556.95;5;9967922941;B
20240328;100620;556.95;33;9967923001;B
20240328;100621;556.9;10;9967923101;S
20240328;100621;556.85;540;9967923102;S
20240328;100621;556.8;143;9967923103;S
20240328;100621;556.8;12;9967923104;S
20240328;100621;556.8;500;9967923105;S
20240328;100621;556.8;100;9967923106;S
20240328;100621;556.75;143;9967923107;S
20240328;100621;556.75;66;9967923108;S
20240328;100621;556.75;404;9967923109;S
20240328;100621;556.7;143;9967923110;S
20240328;100621;556.65;1;9967923111;S
20240328;100621;556.6;29;9967923112;S
20240328;100621;556.6;909;9967923113;S
20240328;100621;556.65;1;9967923173;S
20240328;100622;556.65;16;9967923230;S
20240328;100624;556.8;10;9967923506;B
20240328;100624;556.85;66;9967923507;B
20240328;100624;556.85;24;9967923508;B
20240328;100624;556.95;2;9967923530;B
20240328;100624;556.85;5;9967923593;B
20240328;100624;556.85;6;9967923645;B
20240328;100624;556.85;1000;9967923646;B
20240328;100624;556.85;100;9967923647;B
20240328;100624;556.9;10;9967923648;B
20240328;100624;556.95;491;9967923649;B
20240328;100624;557;93;9967923650;B
20240328;100626;556.9;1;9967923852;S
20240328;100626;556.8;4;9967923853;S
20240328;100626;557;1;9967923883;B
20240328;100626;556.8;96;9967923959;S
20240328;100626;556.8;20;9967923960;S
20240328;100627;556.8;4;9967924026;B
20240328;100627;556.8;20;9967924062;B
20240328;100627;556.8;2;9967924100;B
20240328;100629;556.7;175;9967924277;S
20240328;100630;556.8;50;9967924430;B
20240328;100631;556.7;366;9967924637;S
20240328;100631;556.7;68;9967924638;S
20240328;100631;556.7;143;9967924639;S
20240328;100631;556.65;126;9967924640;S
20240328;100631;556.65;1;9967924641;S
20240328;100631;556.65;100;9967924642;S
20240328;100631;556.6;143;9967924643;S
20240328;100631;556.6;2;9967924644;S
20240328;100631;556.5;5;9967924645;S
20240328;100631;556.5;3;9967924646;S
20240328;100631;556.5;50;9967924647;S
20240328;100631;556.5;150;9967924648;S
20240328;100631;556.5;404;9967924649;S
20240328;100631;556.5;300;9967924650;B
20240328;100631;556.5;300;9967924652;B
20240328;100631;556.5;100;9967924653;B
20240328;100631;556.5;100;9967924656;B
20240328;100631;556.5;100;9967924657;B
20240328;100631;556.5;300;9967924658;B
20240328;100631;556.5;300;9967924659;B
20240328;100631;556.5;274;9967924660;B
20240328;100631;556.7;26;9967924661;B
20240328;100631;556.7;42;9967924662;B
20240328;100631;556.8;258;9967924663;B
20240328;100631;556.8;1;9967924679;B
20240328;100631;556.8;40;9967924687;B
20240328;100632;556.8;1;9967924777;B
20240328;100632;556.8;2;9967924819;B
20240328;100632;556.8;3;9967924828;B
20240328;100632;556.8;3;9967924841;B
20240328;100632;556.8;1;9967924863;B
20240328;100633;556.8;54;9967924989;B
20240328;100634;556.75;2;9967925264;B
20240328;100634;556.8;198;9967925265;B
20240328;100635;556.65;43;9967925356;S
20240328;100635;556.65;70;9967925541;S
20240328;100635;556.65;428;9967925571;S
20240328;100635;556.6;71;9967925572;S
20240328;100635;556.6;143;9967925573;S
20240328;100635;556.6;250;9967925574;S
20240328;100635;556.6;42;9967925575;S
20240328;100637;556.6;15;9967925841;S
20240328;100639;556.75;2;9967926169;B
20240328;100639;556.75;69;9967926206;B
20240328;100639;556.8;347;9967926207;B
20240328;100639;556.8;100;9967926208;B
20240328;100639;556.85;400;9967926209;B
20240328;100639;556.9;404;9967926210;B
20240328;100639;556.95;1622;9967926211;B
20240328;100639;556.95;1;9967926212;B
20240328;100639;557;447;9967926213;B
20240328;100639;557;1;9967926214;B
20240328;100639;557;50;9967926215;B
20240328;100639;557;3;9967926216;B
20240328;100639;557;33;9967926217;B
20240328;100640;557;67;9967926264;B
20240328;100640;557;15;9967926265;B
20240328;100640;557;500;9967926266;B
20240328;100640;557;1;9967926267;B
20240328;100640;557;5;9967926268;B
20240328;100640;557;1;9967926269;B
20240328;100640;557;100;9967926270;B
20240328;100640;557;30;9967926271;B
20240328;100640;557;181;9967926272;B
20240328;100640;556.75;100;9967926280;S
