<DATE>;<TIME>;<LAST>;<VOL>;<ID>;<OPER>
20240513;095957;580.25;1;10336837138;B
20240513;095957;580.25;9;10336837139;S
20240513;095957;580.25;1;10336837140;B
20240513;095957;580.25;1;10336837141;B
20240513;095957;580.25;3;10336837142;B
20240513;095957;580.25;8;10336837143;S
20240513;095957;580.25;1;10336837144;S
20240513;095957;580.25;7;10336837145;S
20240513;095957;580.25;1;10336837146;S
20240513;095957;580.25;3;10336837147;S
20240513;095957;580.25;1;10336837148;S
20240513;095957;580.25;1;10336837149;S
20240513;095957;580.25;6;10336837150;S
20240513;095957;580.25;1;10336837151;S
20240513;095957;580.25;10;10336837152;S
20240513;095957;580.25;1;10336837153;S
20240513;095957;580.25;2;10336837154;S
20240513;095957;580.25;10;10336837155;S
20240513;095957;580.25;1;10336837156;S
20240513;095957;580.25;1;10336837157;S
20240513;095957;580.25;1;10336837158;S
20240513;095957;580.25;1;10336837159;S
20240513;095957;580.25;10;10336837160;B
20240513;095957;580.25;86;10336837161;B
20240513;095957;580.25;3;10336837162;B
20240513;095957;580.25;1;10336837163;B
20240513;095957;580.25;20;10336837164;B
20240513;095957;580.25;1;10336837165;S
20240513;095957;580.25;3;10336837166;S
20240513;095957;580.25;2;10336837167;B
20240513;095957;580.25;4;10336837168;S
20240513;095957;580.25;1;10336837169;S
20240513;095957;580.25;3;10336837170;B
20240513;095957;580.25;1;10336837171;S
20240513;095957;580.25;1;10336837172;B
20240513;095957;580.25;3;10336837173;B
20240513;095957;580.25;3;10336837174;B
20240513;095957;580.25;1;10336837175;B
20240513;095957;580.25;1;10336837176;B
20240513;095957;580.25;1;10336837177;B
20240513;095957;580.25;27;10336837178;B
20240513;095957;580.25;20;10336837179;B
20240513;095957;580.25;1;10336837180;B
20240513;095957;580.25;1;10336837181;B
20240513;095957;580.25;12;10336837182;B
20240513;095957;580.25;34;10336837183;B
20240513;095957;580.25;1;10336837184;B
20240513;095957;580.25;2;10336837185;B
20240513;095957;580.25;123;10336837186;B
20240513;095957;580.25;32;10336837187;S
20240513;095957;580.25;95;10336837188;B
20240513;095957;580.25;1;10336837189;S
20240513;095957;580.25;2;10336837190;S
20240513;095957;580.25;15;10336837191;B
20240513;095957;580.25;325;10336837192;B
20240513;095957;580.25;3;10336837193;B
20240513;095957;580.25;1;10336837194;B
20240513;095957;580.25;2;10336837195;B
20240513;095957;580.25;10;10336837196;B
20240513;095957;580.25;5;10336837197;B
20240513;095957;580.25;344;10336837198;B
20240513;095957;580.25;5;10336837199;B
20240513;095957;580.25;10;10336837200;B
20240513;095957;580.25;2;10336837201;B
20240513;095957;580.25;1;10336837202;B
20240513;095957;580.25;1;10336837203;B
20240513;095957;580.25;3;10336837204;B
20240513;095957;580.25;3;10336837205;B
20240513;095957;580.25;3;10336837206;B
20240513;095957;580.25;1;10336837207;B
20240513;095957;580.25;1;10336837208;B
20240513;095957;580.25;1;10336837209;B
20240513;095957;580.25;1;10336837210;B
20240513;095957;580.25;2;10336837211;B
20240513;095957;580.25;2;10336837212;B
20240513;095957;580.25;2;10336837213;B
20240513;095957;580.25;1;10336837214;B
20240513;095957;580.25;2;10336837215;B
20240513;095957;580.25;2;10336837216;B
20240513;095957;580.25;2;10336837217;B
20240513;095957;580.25;1;10336837218;B
20240513;095957;580.25;2;10336837219;B
20240513;095957;580.25;1;10336837220;B
20240513;095957;580.25;2;10336837221;B
20240513;095957;580.25;1;10336837222;B
20240513;095957;580.25;40;10336837223;B
20240513;095957;580.25;1;10336837224;B
20240513;095957;580.25;2;10336837225;B
20240513;095957;580.25;1;10336837226;B
20240513;095957;580.25;1;10336837227;B
20240513;095957;580.25;2;10336837228;B
20240513;095957;580.25;1;10336837229;B
20240513;095957;580.25;1;10336837230;B
20240513;095957;580.25;2;10336837231;B
20240513;095957;580.25;1;10336837232;B
20240513;095957;580.25;2;10336837233;B
20240513;095957;580.25;1;10336837234;B
20240513;095957;580.25;1;10336837235;B
20240513;095957;580.25;2;10336837236;B
20240513;095957;580.25;1;10336837237;B
20240513;095957;580.25;1;10336837238;B
20240513;095957;580.25;1;10336837239;B
20240513;095957;580.25;1;10336837240;B
20240513;095957;580.25;10;10336837241;B
20240513;095957;580.25;1;10336837242;B
20240513;095957;580.25;2;10336837243;B
20240513;095957;580.25;1;10336837244;B
20240513;095957;580.25;3;10336837245;B
20240513;095957;580.25;2;10336837246;B
20240513;095957;580.25;1;10336837247;B
20240513;095957;580.25;3;10336837248;B
20240513;095957;580.25;2;10336837249;B
20240513;095957;580.25;2;10336837250;B
20240513;095957;580.25;1;10336837251;B
20240513;095957;580.25;1;10336837252;B
20240513;095957;580.25;1;10336837253;B
20240513;095957;580.25;1;10336837254;B
20240513;095957;580.25;1;10336837255;B
20240513;095957;580.25;1;10336837256;B
20240513;095957;580.25;1;10336837257;B
20240513;095957;580.25;1;10336837258;B
20240513;095957;580.25;1;10336837259;B
20240513;095957;580.25;1;10336837260;B
20240513;095957;580.25;2;10336837261;B
20240513;095957;580.25;2;10336837262;B
20240513;095957;580.25;2;10336837263;B
20240513;095957;580.25;10;10336837264;B
20240513;095957;580.25;3;10336837265;B
20240513;095957;580.25;1;10336837266;B
20240513;095957;580.25;2;10336837267;B
20240513;095957;580.25;1;10336837268;B
20240513;095957;580.25;2;10336837269;B
20240513;095957;580.25;1;10336837270;B
20240513;095957;580.25;2;10336837271;B
20240513;095957;580.25;2;10336837272;B
20240513;095957;580.25;7;10336837273;B
20240513;095957;580.25;2;10336837274;B
20240513;095957;580.25;2;10336837275;B
20240513;095957;580.25;1;10336837276;B
20240513;095957;580.25;1;10336837277;B
20240513;095957;580.25;2;10336837278;B
20240513;095957;580.25;1;10336837279;B
20240513;095957;580.25;2;10336837280;B
20240513;095957;580.25;1;10336837281;B
20240513;095957;580.25;1;10336837282;B
20240513;095957;580.25;2;10336837283;B
20240513;095957;580.25;1;10336837284;B
20240513;095957;580.25;2;10336837285;B
20240513;095957;580.25;1;10336837286;B
20240513;095957;580.25;1;10336837287;B
20240513;095957;580.25;10;10336837288;B
20240513;095957;580.25;1;10336837289;B
20240513;095957;580.25;1;10336837290;B
20240513;095957;580.25;1;10336837291;S
20240513;095957;580.25;2;10336837292;B
20240513;095957;580.25;2;10336837293;B
20240513;095957;580.25;170;10336837294;B
20240513;095957;580.25;2;10336837295;B
20240513;095957;580.25;1;10336837296;B
20240513;095957;580.25;5;10336837297;B
20240513;095957;580.25;17;10336837298;B
20240513;095957;580.25;777;10336837299;B
20240513;095957;580.25;1000;10336837300;B
20240513;095957;580.25;724;10336837301;B
20240513;095957;580.25;17;10336837302;B
20240513;095957;580.25;2;10336837303;B
20240513;095957;580.25;4;10336837304;B
20240513;095957;580.25;10;10336837305;B
20240513;095957;580.25;17;10336837306;B
20240513;095957;580.25;1;10336837307;B
20240513;095957;580.25;1;10336837308;B
20240513;095957;580.25;1;10336837309;B
20240513;095957;580.25;1;10336837310;B
20240513;095957;580.25;1;10336837311;B
20240513;095957;580.25;1;10336837312;B
20240513;095957;580.25;1;10336837313;B
20240513;095957;580.25;1;10336837314;B
20240513;095957;580.25;1;10336837315;B
20240513;095957;580.25;1;10336837316;B
20240513;095957;580.25;1;10336837317;B
20240513;095957;580.25;17;10336837318;B
20240513;095957;580.25;5;10336837319;B
20240513;095957;580.25;100;10336837320;B
20240513;095957;580.25;17;10336837321;B
20240513;095957;580.25;2;10336837322;B
20240513;095957;580.25;2;10336837323;B
20240513;095957;580.25;2;10336837324;B
20240513;095957;580.25;2;10336837325;B
20240513;095957;580.25;3;10336837326;B
20240513;095957;580.25;32;10336837327;B
20240513;095957;580.25;1;10336837328;B
20240513;095957;580.25;9;10336837329;B
20240513;095957;580.25;9;10336837330;B
20240513;095957;580.25;1;10336837331;B
20240513;095957;580.25;13;10336837332;B
20240513;095957;580.25;4;10336837333;B
20240513;095957;580.25;17;10336837334;B
20240513;095957;580.25;17;10336837335;B
20240513;095957;580.25;1;10336837336;B
20240513;095957;580.25;11;10336837337;B
20240513;095957;580.25;1;10336837338;B
20240513;095957;580.25;5;10336837339;B
20240513;095957;580.25;17;10336837340;B
20240513;095957;580.25;1;10336837341;B
20240513;095957;580.25;7;10336837342;B
20240513;095957;580.25;1;10336837343;S
20240513;100000;580.25;2;10336838535;B
20240513;100000;580.25;1;10336838536;B
20240513;100000;580.25;8;10336838647;B
20240513;100000;580.25;1;10336838648;B
20240513;100000;580.25;1;10336838705;S
20240513;100000;580.25;1;10336838707;S
20240513;100000;580.25;1;10336838715;S
20240513;100000;580.3;400;10336838814;B
20240513;100000;580.3;6;10336838866;B
20240513;100000;580.3;57;10336838959;B
20240513;100000;580.25;200;10336839039;S
20240513;100000;580.25;387;10336839040;S
20240513;100000;580.2;100;10336839041;S
20240513;100000;580.2;100;10336839042;S
20240513;100000;580.2;100;10336839043;S
20240513;100000;580.2;300;10336839044;S
20240513;100000;580.2;300;10336839045;S
20240513;100000;580.2;300;10336839046;S
20240513;100000;580.2;300;10336839047;S
20240513;100000;580.2;300;10336839048;S
20240513;100000;580.2;300;10336839049;S
20240513;100000;580.2;300;10336839050;S
20240513;100000;580.2;300;10336839051;S
20240513;100000;580.2;300;10336839052;S
20240513;100000;580.2;60;10336839053;S
20240513;100000;580.2;300;10336839054;S
20240513;100000;580.2;300;10336839055;S
20240513;100000;580.2;300;10336839056;S
20240513;100000;580.2;300;10336839057;S
20240513;100000;580.2;300;10336839058;S
20240513;100000;580.2;300;10336839059;S
20240513;100000;580.2;300;10336839060;S
20240513;100000;580.2;300;10336839061;S
20240513;100000;580.2;300;10336839062;S
20240513;100000;580.2;300;10336839063;S
20240513;100000;580.2;300;10336839064;S
20240513;100000;580.2;300;10336839065;S
20240513;100000;580.2;300;10336839066;S
20240513;100000;580.2;300;10336839067;S
20240513;100000;580.2;300;10336839068;S
20240513;100000;580.2;200;10336839069;S
20240513;100000;580.2;100;10336839070;S
20240513;100000;580.2;300;10336839071;S
20240513;100000;580.2;300;10336839072;S
20240513;100000;580.2;300;10336839073;S
20240513;100000;580.1;6;10336839074;S
20240513;100000;580.1;1;10336839075;S
20240513;100000;580.1;1;10336839076;S
20240513;100000;580.1;170;10336839077;S
20240513;100000;580.05;5;10336839078;S
20240513;100000;580.05;745;10336839079;S
20240513;100000;580.05;500;10336839080;S
20240513;100000;580;1;10336839081;S
20240513;100000;580;2;10336839082;S
20240513;100000;580;1000;10336839083;S
20240513;100000;580;9;10336839084;S
20240513;100000;580;5;10336839085;S
20240513;100000;580;1000;10336839086;S
20240513;100000;580;60;10336839087;S
20240513;100000;580;350;10336839088;S
20240513;100000;579.95;69;10336839089;S
20240513;100000;579.95;1;10336839090;S
20240513;100000;579.95;15;10336839091;S
20240513;100000;579.9;60;10336839092;S
20240513;100000;579.9;1;10336839093;S
20240513;100000;579.9;10;10336839094;S
20240513;100000;579.85;87;10336839095;S
20240513;100000;579.85;10;10336839096;S
20240513;100000;579.85;188;10336839097;S
20240513;100000;579.8;4;10336839098;S
20240513;100000;579.8;65;10336839099;S
20240513;100000;579.8;78;10336839100;S
20240513;100000;579.8;240;10336839101;S
20240513;100000;579.8;82;10336839102;S
20240513;100000;579.7;100;10336839103;S
20240513;100000;579.7;250;10336839104;S
20240513;100000;579.7;1;10336839105;S
20240513;100000;579.65;1000;10336839106;S
20240513;100000;579.6;5;10336839107;S
20240513;100000;579.6;1;10336839108;S
20240513;100000;579.6;30;10336839109;S
20240513;100000;579.6;100;10336839110;S
20240513;100000;579.55;5;10336839111;S
20240513;100000;579.55;87;10336839112;S
20240513;100000;579.55;68;10336839113;S
20240513;100000;579.55;604;10336839114;S
20240513;100000;579.5;1;10336839115;S
20240513;100000;579.5;10;10336839116;S
20240513;100000;579.5;2;10336839117;S
20240513;100000;579.5;1;10336839118;S
20240513;100000;579.5;50;10336839119;S
20240513;100000;579.5;10;10336839120;S
20240513;100000;579.5;1;10336839121;S
20240513;100000;579.5;1000;10336839122;S
20240513;100000;579.5;200;10336839123;S
20240513;100000;579.5;200;10336839124;S
20240513;100000;579.5;5000;10336839125;S
20240513;100000;579.5;50;10336839126;S
20240513;100000;579.5;9;10336839127;S
20240513;100000;579.45;2;10336839128;S
20240513;100000;579.45;2;10336839129;S
20240513;100000;579.45;3;10336839130;S
20240513;100000;579.45;1;10336839131;S
20240513;100000;579.45;100;10336839132;S
20240513;100000;579.45;1000;10336839133;S
20240513;100000;579.4;155;10336839134;S
20240513;100000;579.4;2;10336839135;S
20240513;100000;579.4;2;10336839136;S
20240513;100000;579.4;2;10336839137;S
20240513;100000;579.4;2;10336839138;S
20240513;100000;579.4;1;10336839139;S
20240513;100000;579.4;1;10336839140;S
20240513;100000;579.4;1;10336839141;S
20240513;100000;579.4;2;10336839142;S
20240513;100000;579.4;1;10336839143;S
20240513;100000;579.4;1;10336839144;S
20240513;100000;579.4;3;10336839145;S
20240513;100000;579.4;1;10336839146;S
20240513;100000;579.4;1;10336839147;S
20240513;100000;579.4;1;10336839148;S
20240513;100000;579.4;1;10336839149;S
20240513;100000;579.4;2;10336839150;S
20240513;100000;579.4;2;10336839151;S
20240513;100000;579.4;1;10336839152;S
20240513;100000;579.4;1;10336839153;S
20240513;100000;579.4;1;10336839154;S
20240513;100000;579.4;9;10336839155;S
20240513;100000;579.4;2;10336839156;S
20240513;100000;579.4;1;10336839157;S
20240513;100000;579.4;4;10336839158;S
20240513;100000;579.4;18;10336839159;S
20240513;100000;579.4;1;10336839160;S
20240513;100000;579.4;2;10336839161;S
20240513;100000;579.4;3;10336839162;S
20240513;100000;579.4;1;10336839163;S
20240513;100000;579.4;1;10336839164;S
20240513;100000;579.4;2;10336839165;S
20240513;100000;579.4;2;10336839166;S
20240513;100000;579.4;1;10336839167;S
20240513;100000;579.4;1;10336839168;S
20240513;100000;579.4;2;10336839169;S
20240513;100000;579.4;1;10336839170;S
20240513;100000;579.4;1;10336839171;S
20240513;100000;579.4;2;10336839172;S
20240513;100000;579.4;2;10336839173;S
20240513;100000;579.4;2;10336839174;S
20240513;100000;579.4;1;10336839175;S
20240513;100000;579.4;2;10336839176;S
20240513;100000;579.4;1;10336839177;S
20240513;100000;579.4;2;10336839178;S
20240513;100000;579.4;5;10336839179;S
20240513;100000;579.4;1;10336839180;S
20240513;100000;579.4;1;10336839181;S
20240513;100000;579.4;1;10336839182;S
20240513;100000;579.4;10;10336839183;S
20240513;100000;579.4;10;10336839184;S
20240513;100000;579.4;2;10336839185;S
20240513;100000;579.4;2;10336839186;S
20240513;100000;579.4;1;10336839187;S
20240513;100000;579.4;1;10336839188;S
20240513;100000;579.4;2;10336839189;S
20240513;100000;579.4;1;10336839190;S
20240513;100000;579.4;2;10336839191;S
20240513;100000;579.4;1;10336839192;S
20240513;100000;579.4;2;10336839193;S
20240513;100000;579.4;1;10336839194;S
20240513;100000;579.4;2;10336839195;S
20240513;100000;579.4;2;10336839196;S
20240513;100000;579.4;2;10336839197;S
20240513;100000;579.4;2;10336839198;S
20240513;100000;579.4;4;10336839199;S
20240513;100000;579.4;2;10336839200;S
20240513;100000;579.4;150;10336839201;S
20240513;100000;579.4;150;10336839202;S
20240513;100000;579.4;150;10336839203;S
20240513;100000;579.4;2;10336839204;S
20240513;100000;579.4;1;10336839205;S
20240513;100000;579.4;4;10336839206;S
20240513;100000;579.4;4;10336839207;S
20240513;100000;579.4;1;10336839208;S
20240513;100000;579.4;1;10336839209;S
20240513;100000;579.4;2;10336839210;S
20240513;100000;579.4;2;10336839211;S
20240513;100000;579.4;2;10336839212;S
20240513;100000;579.4;2;10336839213;S
20240513;100000;579.4;1;10336839214;S
20240513;100000;579.4;1;10336839215;S
20240513;100000;579.4;1;10336839216;S
20240513;100000;579.4;2;10336839217;S
20240513;100000;579.4;5;10336839218;S
20240513;100000;579.4;2;10336839219;S
20240513;100000;579.4;1;10336839220;S
20240513;100000;579.4;2;10336839221;S
20240513;100000;579.4;1;10336839222;S
20240513;100000;579.4;3;10336839223;S
20240513;100000;579.4;2;10336839224;S
20240513;100000;579.4;2;10336839225;S
20240513;100000;579.4;2;10336839226;S
20240513;100000;579.4;1;10336839227;S
20240513;100000;579.4;1;10336839228;S
20240513;100000;579.4;5;10336839229;S
20240513;100000;579.4;1;10336839230;S
20240513;100000;579.4;2;10336839231;S
20240513;100000;579.4;1;10336839232;S
20240513;100000;579.4;1;10336839233;S
20240513;100000;579.4;2;10336839234;S
20240513;100000;579.4;2;10336839235;S
20240513;100000;579.4;2;10336839236;S
20240513;100000;579.4;20;10336839237;S
20240513;100000;579.4;1;10336839238;S
20240513;100000;579.4;1;10336839239;S
20240513;100000;579.4;1;10336839240;S
20240513;100000;579.4;1;10336839241;S
20240513;100000;579.4;2;10336839242;S
20240513;100000;579.4;1;10336839243;S
20240513;100000;579.4;1;10336839244;S
20240513;100000;579.4;5;10336839245;S
20240513;100000;579.4;2;10336839246;S
20240513;100000;579.4;1;10336839247;S
20240513;100000;579.4;1;10336839248;S
20240513;100000;579.4;1;10336839249;S
20240513;100000;579.4;1;10336839250;S
20240513;100000;579.4;1;10336839251;S
20240513;100000;579.4;1;10336839252;S
20240513;100000;579.4;8;10336839253;S
20240513;100000;579.4;1;10336839254;S
20240513;100000;579.4;1;10336839255;S
20240513;100000;579.4;2;10336839256;S
20240513;100000;579.4;2;10336839257;S
20240513;100000;579.4;2;10336839258;S
20240513;100000;579.4;2;10336839259;S
20240513;100000;579.4;1;10336839260;S
20240513;100000;579.4;2;10336839261;S
20240513;100000;579.4;1;10336839262;S
20240513;100000;579.4;1;10336839263;S
20240513;100000;579.4;1;10336839264;S
20240513;100000;579.4;1;10336839265;S
20240513;100000;579.4;2;10336839266;S
20240513;100000;579.4;2;10336839267;S
20240513;100000;579.4;2;10336839268;S
20240513;100000;579.4;2;10336839269;S
20240513;100000;579.4;1;10336839270;S
20240513;100000;579.4;13;10336839271;S
20240513;100000;579.4;1;10336839272;S
20240513;100000;579.4;1;10336839273;S
20240513;100000;579.4;2;10336839274;S
20240513;100000;579.4;2;10336839275;S
20240513;100000;579.4;2;10336839276;S
20240513;100000;579.4;2;10336839277;S
20240513;100000;579.4;1;10336839278;S
20240513;100000;579.4;1;10336839279;S
20240513;100000;579.4;1;10336839280;S
20240513;100000;579.4;1;10336839281;S
20240513;100000;579.4;1;10336839282;S
20240513;100000;579.4;5;10336839283;S
20240513;100000;579.4;1;10336839284;S
20240513;100000;579.4;1;10336839285;S
20240513;100000;579.4;1;10336839286;S
20240513;100000;579.4;1;10336839287;S
20240513;100000;579.4;3;10336839288;S
20240513;100000;579.4;2;10336839289;S
20240513;100000;579.4;5;10336839290;S
20240513;100000;579.4;1;10336839291;S
20240513;100000;579.4;1;10336839292;S
20240513;100000;579.4;1;10336839293;S
20240513;100000;579.4;10;10336839294;S
20240513;100000;579.4;4;10336839295;S
20240513;100000;579.4;9;10336839296;S
20240513;100000;579.4;50;10336839297;S
20240513;100000;579.4;1700;10336839298;S
20240513;100000;579.4;1;10336839299;S
20240513;100000;579.4;5;10336839300;S
20240513;100000;579.4;1;10336839301;S
20240513;100000;579.4;50;10336839302;S
20240513;100000;579.4;500;10336839303;S
20240513;100000;579.4;1;10336839304;S
20240513;100000;579.4;10;10336839305;S
20240513;100000;579.4;1;10336839306;S
20240513;100000;579.4;2;10336839307;S
20240513;100000;579.4;2;10336839308;S
20240513;100000;579.4;3;10336839309;S
20240513;100000;579.4;1;10336839310;S
20240513;100000;579.4;2;10336839311;S
20240513;100000;579.4;20;10336839312;S
20240513;100000;579.4;8;10336839313;S
20240513;100000;579.4;1;10336839314;S
20240513;100000;579.4;1;10336839315;S
20240513;100000;579.4;10;10336839316;S
20240513;100000;579.4;20;10336839317;S
20240513;100000;579.4;1;10336839318;S
20240513;100000;579.4;19;10336839319;S
20240513;100000;579.4;3000;10336839320;S
20240513;100000;579.4;1;10336839321;S
20240513;100000;579.4;2;10336839322;S
20240513;100000;579.4;5;10336839323;S
20240513;100000;579.4;2;10336839324;S
20240513;100000;579.4;1;10336839325;S
20240513;100000;579.4;1;10336839326;S
20240513;100000;579.4;2;10336839327;S
20240513;100000;579.4;1700;10336839328;S
20240513;100000;579.4;20;10336839329;S
20240513;100000;579.4;30;10336839466;B
20240513;100000;579.4;3;10336839485;B
20240513;100000;579.4;1;10336839526;B
20240513;100000;579.4;100;10336839547;B
20240513;100000;579.4;40;10336839594;B
20240513;100000;579.4;10;10336839615;B
20240513;100000;579.4;20;10336839661;B
20240513;100000;579.4;40;10336839677;B
20240513;100000;579.4;10;10336839679;B
20240513;100000;579.4;10;10336839691;B
20240513;100000;579.4;10;10336839730;B
20240513;100000;579.4;30;10336839768;B
20240513;100000;579.4;30;10336839782;B
20240513;100000;579.4;30;10336839792;B
20240513;100000;579.4;30;10336839797;B
20240513;100000;579.4;30;10336839810;B
20240513;100000;579.4;30;10336839867;B
20240513;100000;579.4;30;10336839883;B
20240513;100000;579.4;30;10336839907;B
20240513;100000;579.4;30;10336839924;B
20240513;100000;579.4;30;10336839960;B
20240513;100000;579.4;30;10336839961;B
20240513;100000;579.4;30;10336839976;B
20240513;100000;579.4;30;10336839977;B
20240513;100000;579.4;30;10336839987;B
20240513;100000;579.4;30;10336839990;B
20240513;100000;579.4;30;10336840006;B
20240513;100000;579.4;30;10336840007;B
20240513;100000;579.4;30;10336840020;B
20240513;100000;579.4;30;10336840021;B
20240513;100000;579.4;30;10336840027;B
20240513;100000;579.4;30;10336840028;B
20240513;100001;579.4;30;10336840037;B
20240513;100001;579.4;30;10336840038;B
20240513;100001;579.4;1220;10336840053;B
20240513;100001;579.4;20;10336840054;B
20240513;100001;579.4;30;10336840055;B
20240513;100001;579.4;30;10336840072;B
20240513;100001;579.4;10;10336840073;B
20240513;100001;579.4;30;10336840090;B
20240513;100001;579.4;30;10336840091;B
20240513;100001;579.4;20;10336840122;B
20240513;100001;579.4;80;10336840123;B
20240513;100001;579.4;100;10336840162;B
20240513;100001;579.4;50;10336840163;B
20240513;100001;579.4;100;10336840170;B
20240513;100001;579.4;200;10336840177;B
20240513;100001;579.4;100;10336840188;B
20240513;100001;579.4;40;10336840191;B
20240513;100001;579.4;300;10336840196;B
20240513;100001;579.4;300;10336840202;B
20240513;100001;579.4;10;10336840204;B
20240513;100001;579.4;10;10336840205;B
20240513;100001;579.4;100;10336840206;B
20240513;100001;579.4;20;10336840228;B
20240513;100001;579.4;10;10336840229;B
20240513;100001;579.4;20;10336840239;B
20240513;100001;579.4;10;10336840240;B
20240513;100001;579.4;1;10336840247;B
20240513;100001;579.4;10;10336840249;B
20240513;100001;579.4;10;10336840250;B
20240513;100001;579.4;30;10336840261;B
20240513;100001;579.4;110;10336840263;B
20240513;100001;579.4;10;10336840267;B
20240513;100001;579.4;10;10336840268;B
20240513;100001;579.4;10;10336840276;B
20240513;100001;579.4;70;10336840277;B
20240513;100001;579.4;10;10336840288;B
20240513;100001;579.4;100;10336840289;B
20240513;100001;579.4;20;10336840295;B
20240513;100001;579.4;20;10336840296;B
20240513;100001;579.4;500;10336840306;B
20240513;100001;579.4;10;10336840307;B
20240513;100001;579.4;10;10336840311;B
20240513;100001;579.4;100;10336840312;B
20240513;100001;579.4;20;10336840320;B
20240513;100001;579.4;10;10336840321;B
20240513;100001;579.4;20;10336840343;B
20240513;100001;579.4;10;10336840344;B
20240513;100001;579.4;20;10336840355;B
20240513;100001;579.4;20;10336840356;B
20240513;100001;579.4;10;10336840368;B
20240513;100001;579.4;10;10336840369;B
20240513;100001;579.4;10;10336840376;B
20240513;100001;579.4;170;10336840378;B
20240513;100001;579.35;1;10336840388;S
20240513;100001;579.4;10;10336840393;B
20240513;100001;579.4;50;10336840397;B
20240513;100001;579.4;300;10336840414;B
20240513;100001;579.4;10;10336840415;B
20240513;100001;579.4;170;10336840421;B
20240513;100001;579.4;10;10336840422;B
20240513;100001;579.4;149;10336840430;B
20240513;100001;579.4;10;10336840441;B
20240513;100001;579.4;10;10336840483;B
20240513;100001;579.4;10;10336840484;B
20240513;100001;579.4;10;10336840489;B
20240513;100001;579.4;10;10336840490;B
20240513;100001;579.4;10;10336840517;B
20240513;100001;579.4;10;10336840518;B
20240513;100001;579.4;10;10336840523;B
20240513;100001;579.4;10;10336840525;B
20240513;100001;579.4;10;10336840540;B
20240513;100001;579.4;120;10336840541;B
20240513;100001;579.4;10;10336840545;B
20240513;100001;579.4;10;10336840546;B
20240513;100001;579.4;10;10336840550;B
20240513;100001;579.4;10;10336840551;B
20240513;100001;579.4;20;10336840564;B
20240513;100001;579.4;10;10336840569;B
20240513;100001;579.4;30;10336840576;B
20240513;100001;579.4;30;10336840577;B
20240513;100001;579.4;20;10336840598;B
20240513;100001;579.4;10;10336840600;B
20240513;100001;579.4;20;10336840604;B
20240513;100001;579.4;10;10336840607;B
20240513;100001;579.4;10;10336840610;B
20240513;100001;579.4;50;10336840615;B
20240513;100001;579.4;10;10336840624;B
20240513;100001;579.4;10;10336840628;B
20240513;100001;579.4;10;10336840632;B
20240513;100001;579.4;10;10336840651;B
20240513;100001;579.4;10;10336840654;B
20240513;100001;579.4;30;10336840665;B
20240513;100001;579.4;20;10336840670;B
20240513;100001;579.4;10;10336840680;B
20240513;100001;579.4;10;10336840681;B
20240513;100001;579.4;1;10336840687;B
20240513;100001;579.4;20;10336840715;B
20240513;100001;579.4;57;10336840736;B
20240513;100001;579.4;435;10336840866;B
20240513;100001;579.4;10;10336840921;B
20240513;100001;579.4;10;10336841024;B
20240513;100001;579.4;10;10336841026;B
20240513;100001;579.4;10;10336841035;B
20240513;100001;579.4;10;10336841037;B
20240513;100001;579.4;50;10336841041;B
20240513;100001;579.4;10;10336841141;B
20240513;100001;579.35;5;10336841142;S
20240513;100001;579.35;1;10336841143;S
20240513;100001;579.35;9;10336841144;S
20240513;100001;579.35;1;10336841145;S
20240513;100001;579.35;36;10336841146;S
20240513;100001;579.4;1000;10336841193;B
20240513;100001;579.4;10;10336841221;B
20240513;100001;579.4;100;10336841283;B
20240513;100001;579.4;10;10336841366;B
20240513;100001;579.4;500;10336841488;B
20240513;100002;579.4;50;10336841567;B
20240513;100002;579.4;10;10336841690;B
20240513;100002;579.4;10;10336842575;B
20240513;100002;579.4;2;10336842581;B
20240513;100002;579.35;1;10336842664;S
20240513;100002;579.35;10;10336842761;S
20240513;100002;579.4;16;10336842992;B
20240513;100002;579.4;5;10336843038;B
20240513;100004;579.4;26;10336844607;B
20240513;100004;579.4;1;10336845009;B
20240513;100004;579.4;1;10336845351;B
20240513;100004;579.35;1;10336845402;S
20240513;100005;579.4;8;10336845458;B
20240513;100005;579.4;2;10336845565;B
20240513;100005;579.4;2;10336845566;B
20240513;100005;579.4;2;10336845567;B
20240513;100005;579.4;1;10336845568;B
20240513;100005;579.4;10;10336845569;B
20240513;100005;579.4;2;10336845571;B
20240513;100005;579.4;1;10336845573;B
20240513;100005;579.4;2;10336845574;B
20240513;100005;579.35;1;10336845575;S
20240513;100005;579.4;2;10336845580;B
20240513;100005;579.35;1;10336845581;S
20240513;100005;579.35;1;10336845873;S
20240513;100005;579.35;1;10336845881;S
20240513;100005;579.4;1;10336846175;B
20240513;100005;579.4;1;10336846180;B
20240513;100005;579.4;10;10336846217;B
20240513;100005;579.4;2;10336846222;B
20240513;100005;579.4;1;10336846238;B
20240513;100005;579.4;5;10336846245;B
20240513;100005;579.35;3;10336846252;S
20240513;100005;579.4;2;10336846258;B
20240513;100005;579.4;2;10336846264;B
20240513;100005;579.35;1;10336846277;S
20240513;100005;579.35;2;10336846279;S
20240513;100005;579.4;1;10336846283;B
20240513;100005;579.4;2;10336846285;B
20240513;100005;579.4;1;10336846292;B
20240513;100005;579.4;1;10336846305;B
20240513;100005;579.4;1;10336846317;B
20240513;100005;579.4;2;10336846324;B
20240513;100005;579.35;2;10336846328;S
20240513;100005;579.4;1;10336846336;B
20240513;100005;579.4;2;10336846339;B
20240513;100005;579.35;2;10336846343;S
20240513;100005;579.35;1;10336846345;S
20240513;100005;579.4;2;10336846349;B
20240513;100005;579.35;1;10336846354;S
20240513;100005;579.4;1;10336846359;B
20240513;100005;579.4;1;10336846369;B
20240513;100005;579.35;2;10336846376;S
20240513;100005;579.4;2;10336846380;B
20240513;100005;579.35;7;10336846383;S
20240513;100005;579.4;2;10336846391;B
20240513;100005;579.35;2;10336846392;S
20240513;100005;579.35;2;10336846396;S
20240513;100005;579.4;2;10336846404;B
20240513;100005;579.35;1;10336846410;S
20240513;100005;579.35;2;10336846414;S
20240513;100005;579.35;4;10336846422;S
20240513;100005;579.4;2;10336846425;B
20240513;100005;579.4;2;10336846433;B
20240513;100005;579.35;2;10336846438;S
20240513;100005;579.4;2;10336846442;B
20240513;100005;579.4;2;10336846448;B
20240513;100005;579.4;2;10336846455;B
20240513;100005;579.35;2;10336846458;S
20240513;100005;579.35;1;10336846473;S
20240513;100005;579.35;4;10336846475;S
20240513;100005;579.35;1;10336846480;S
20240513;100005;579.4;2;10336846481;B
20240513;100005;579.35;4;10336846487;S
20240513;100005;579.35;2;10336846712;S
20240513;100005;579.4;10;10336846713;B
20240513;100005;579.4;2;10336846720;B
20240513;100005;579.4;1;10336846724;B
20240513;100005;579.4;1;10336846729;B
20240513;100005;579.4;1;10336846734;B
20240513;100005;579.4;1;10336846735;B
20240513;100005;579.4;5;10336846745;B
20240513;100005;579.35;2;10336846746;S
20240513;100005;579.4;1;10336846750;B
20240513;100005;579.4;2;10336846754;B
20240513;100005;579.4;1;10336846764;B
20240513;100005;579.4;1;10336846768;B
20240513;100005;579.4;4;10336846773;B
20240513;100005;579.4;2;10336846795;B
20240513;100005;579.4;1;10336846800;B
20240513;100005;579.4;1;10336846811;B
20240513;100005;579.35;2;10336846820;S
20240513;100005;579.35;2;10336846826;S
20240513;100005;579.35;1;10336846832;S
20240513;100005;579.35;1;10336846836;S
20240513;100005;579.4;2;10336846840;B
20240513;100005;579.4;2;10336846846;B
20240513;100005;579.4;2;10336846857;B
20240513;100005;579.4;2;10336846866;B
20240513;100005;579.4;2;10336846874;B
20240513;100005;579.4;2;10336846894;B
20240513;100005;579.4;2;10336846903;B
20240513;100005;579.35;1;10336846907;S
20240513;100005;579.4;1;10336846924;B
20240513;100005;579.4;2;10336846937;B
20240513;100005;579.4;2;10336846944;B
20240513;100005;579.35;2;10336846946;S
20240513;100005;579.4;2;10336846951;B
20240513;100005;579.35;2;10336846958;S
20240513;100005;579.4;1;10336846966;B
20240513;100005;579.4;1;10336846968;B
20240513;100005;579.35;3;10336846974;S
20240513;100005;579.35;2;10336846982;S
20240513;100005;579.35;2;10336846987;S
20240513;100005;579.4;2;10336846988;B
20240513;100005;579.4;2;10336846993;B
20240513;100005;579.35;2;10336847002;S
20240513;100005;579.35;1;10336847003;S
20240513;100005;579.4;2;10336847008;B
20240513;100005;579.35;1;10336847012;S
20240513;100005;579.4;2;10336847013;B
20240513;100005;579.4;2;10336847015;B
20240513;100005;579.35;1;10336847018;S
20240513;100005;579.4;2;10336847020;B
20240513;100005;579.4;1;10336847022;B
20240513;100005;579.35;2;10336847031;S
20240513;100005;579.35;2;10336847032;S
20240513;100005;579.4;2;10336847037;B
20240513;100005;579.4;2;10336847038;B
20240513;100005;579.4;2;10336847039;B
20240513;100005;579.4;1;10336847042;B
20240513;100005;579.4;1;10336847051;B
20240513;100005;579.4;1;10336847052;B
20240513;100005;579.4;1;10336847053;B
20240513;100005;579.4;1;10336847054;B
20240513;100005;579.4;1;10336847059;B
20240513;100005;579.4;1;10336847061;B
20240513;100005;579.35;1;10336847062;S
20240513;100005;579.4;2;10336847068;B
20240513;100005;579.35;2;10336847072;S
20240513;100005;579.4;3;10336847079;B
20240513;100005;579.4;2;10336847092;B
20240513;100005;579.4;1;10336847094;B
20240513;100005;579.4;1;10336847101;B
20240513;100005;579.4;1;10336847106;B
20240513;100005;579.4;1;10336847109;B
20240513;100005;579.4;3;10336847117;B
20240513;100005;579.4;2;10336847118;B
20240513;100005;579.4;3;10336847122;B
20240513;100005;579.4;2;10336847125;B
20240513;100005;579.4;1;10336847127;B
20240513;100005;579.4;2;10336847143;B
20240513;100005;579.4;2;10336847148;B
20240513;100005;579.35;1;10336847154;S
20240513;100005;579.4;2;10336847157;B
20240513;100005;579.4;1;10336847164;B
20240513;100005;579.4;2;10336847166;B
20240513;100005;579.35;1;10336847175;S
20240513;100005;579.4;2;10336847200;B
20240513;100005;579.35;2;10336847202;S
20240513;100005;579.4;1;10336847210;B
20240513;100005;579.35;2;10336847213;S
20240513;100005;579.35;2;10336847220;S
20240513;100005;579.4;10;10336847234;B
20240513;100005;579.4;10;10336847458;B
20240513;100005;579.35;1;10336847584;S
20240513;100005;579.4;1;10336847588;B
20240513;100005;579.4;3;10336847596;B
20240513;100005;579.4;1;10336847602;B
20240513;100005;579.35;1;10336847606;S
20240513;100005;579.35;2;10336847611;S
20240513;100005;579.4;2;10336847614;B
20240513;100005;579.35;2;10336847617;S
20240513;100005;579.35;5;10336847621;S
20240513;100005;579.35;1;10336847626;S
20240513;100005;579.35;2;10336847632;S
20240513;100005;579.35;2;10336847638;S
20240513;100005;579.35;1;10336847642;S
20240513;100005;579.4;2;10336847647;B
20240513;100005;579.4;2;10336847651;B
20240513;100005;579.4;2;10336847656;B
20240513;100005;579.35;2;10336847661;S
20240513;100005;579.4;2;10336847665;B
20240513;100005;579.35;2;10336847671;S
20240513;100005;579.4;2;10336847674;B
20240513;100005;579.4;3;10336847682;B
20240513;100005;579.35;1;10336847690;S
20240513;100005;579.35;3;10336847694;S
20240513;100005;579.35;1;10336847698;S
20240513;100005;579.35;2;10336847724;S
20240513;100005;579.4;5;10336847735;B
20240513;100005;579.4;2;10336847742;B
20240513;100005;579.4;3;10336847750;B
20240513;100005;579.4;1;10336847754;B
20240513;100005;579.4;1;10336847761;B
20240513;100005;579.4;2;10336847783;B
20240513;100005;579.35;2;10336847788;S
20240513;100005;579.4;2;10336847803;B
20240513;100005;579.4;1;10336847808;B
20240513;100005;579.4;1;10336847835;B
20240513;100005;579.35;2;10336847844;S
20240513;100005;579.4;1;10336847859;B
20240513;100005;579.35;2;10336847865;S
20240513;100005;579.4;2;10336847867;B
20240513;100005;579.35;2;10336847868;S
20240513;100005;579.4;2;10336847873;B
20240513;100005;579.4;1;10336847874;B
20240513;100005;579.35;1;10336847877;S
20240513;100005;579.35;4;10336847879;S
20240513;100005;579.35;2;10336847882;S
20240513;100005;579.35;5;10336847883;S
20240513;100005;579.35;3;10336847885;S
20240513;100005;579.35;5;10336847889;S
20240513;100005;579.4;2;10336847890;B
20240513;100005;579.35;1;10336847895;S
20240513;100005;579.4;2;10336847897;B
20240513;100005;579.35;2;10336847898;S
20240513;100005;579.4;2;10336847904;B
20240513;100005;579.4;1;10336847905;B
20240513;100005;579.4;2;10336847907;B
20240513;100005;579.4;1;10336847909;B
20240513;100005;579.4;1;10336847910;B
20240513;100005;579.4;1;10336847912;B
20240513;100005;579.4;1;10336847917;B
20240513;100005;579.35;1;10336847920;S
20240513;100005;579.35;1;10336847928;S
20240513;100005;579.4;2;10336847931;B
20240513;100005;579.4;170;10336847932;B
20240513;100005;579.4;1;10336847939;B
20240513;100005;579.4;2;10336847942;B
20240513;100005;579.4;1;10336847944;B
20240513;100005;579.35;1;10336847949;S
20240513;100005;579.35;2;10336847951;S
20240513;100005;579.35;2;10336847952;S
20240513;100005;579.4;1;10336847958;B
20240513;100005;579.35;2;10336847959;S
20240513;100005;579.4;2;10336847963;B
20240513;100005;579.4;2;10336847964;B
20240513;100005;579.35;2;10336847971;S
20240513;100005;579.4;1;10336847987;B
20240513;100005;579.4;2;10336847988;B
20240513;100005;579.4;1;10336847997;B
20240513;100005;579.4;1;10336848004;B
20240513;100005;579.35;1;10336848015;S
20240513;100005;579.4;1;10336848016;B
20240513;100005;579.35;2;10336848022;S
20240513;100005;579.4;2;10336848026;B
20240513;100005;579.35;1;10336848030;S
20240513;100005;579.4;86;10336848032;B
20240513;100005;579.35;2;10336848040;S
20240513;100005;579.4;1;10336848042;B
20240513;100006;579.4;1;10336848052;B
20240513;100006;579.4;10;10336848144;B
20240513;100006;579.4;20;10336848180;B
20240513;100006;579.4;10;10336848322;B
20240513;100006;579.35;2;10336848905;S
20240513;100006;579.4;1;10336848907;B
20240513;100006;579.35;2;10336848909;S
20240513;100006;579.35;1;10336848915;S
20240513;100006;579.35;1;10336848917;S
20240513;100006;579.4;1;10336848919;B
20240513;100006;579.4;2;10336848924;B
20240513;100006;579.4;1;10336848925;B
20240513;100006;579.4;1;10336848926;B
20240513;100006;579.35;1;10336848930;S
20240513;100006;579.4;2;10336848933;B
20240513;100006;579.35;2;10336848935;S
20240513;100006;579.4;1;10336848940;B
20240513;100006;579.4;1;10336848942;B
20240513;100006;579.35;2;10336848986;S
20240513;100006;579.4;2;10336849160;B
20240513;100006;579.4;1;10336849162;B
20240513;100006;579.4;2;10336849166;B
20240513;100006;579.35;5;10336849169;S
20240513;100006;579.4;1;10336849173;B
20240513;100006;579.4;2;10336849174;B
20240513;100006;579.4;2;10336849178;B
20240513;100006;579.4;1;10336849182;B
20240513;100006;579.35;2;10336849196;S
20240513;100006;579.35;10;10336849202;S
20240513;100006;579.4;1;10336849209;B
20240513;100006;579.4;2;10336849213;B
20240513;100006;579.4;2;10336849214;B
20240513;100006;579.4;2;10336849216;B
20240513;100006;579.35;2;10336849219;S
20240513;100006;579.4;1;10336849224;B
20240513;100006;579.35;3;10336849233;S
20240513;100006;579.35;2;10336849237;S
20240513;100006;579.35;1;10336849241;S
20240513;100006;579.35;1;10336849243;S
20240513;100006;579.4;3;10336849244;B
20240513;100006;579.4;2;10336849246;B
20240513;100006;579.35;1;10336849250;S
20240513;100006;579.4;2;10336849254;B
20240513;100006;579.35;1;10336849257;S
20240513;100006;579.4;1;10336849263;B
20240513;100006;579.4;2;10336849265;B
20240513;100006;579.4;2;10336849267;B
20240513;100006;579.35;1;10336849268;S
20240513;100006;579.35;2;10336849272;S
20240513;100006;579.4;10;10336849274;B
20240513;100006;579.4;1;10336849277;B
20240513;100006;579.35;2;10336849280;S
20240513;100006;579.35;2;10336849282;S
20240513;100006;579.4;2;10336849284;B
20240513;100006;579.4;5;10336849287;B
20240513;100006;579.4;2;10336849292;B
20240513;100006;579.4;10;10336849333;B
20240513;100006;579.35;1;10336849347;S
20240513;100006;579.4;398;10336849497;B
20240513;100006;579.4;2;10336849498;B
20240513;100006;579.4;50;10336849687;B
20240513;100006;579.4;1;10336849731;B
20240513;100006;579.4;2;10336849734;B
20240513;100006;579.35;1;10336849736;S
20240513;100006;579.35;1;10336849739;S
20240513;100006;579.4;2;10336849742;B
20240513;100006;579.4;1;10336849743;B
20240513;100006;579.4;1;10336849745;B
20240513;100006;579.4;1;10336849747;B
20240513;100006;579.35;1;10336849748;S
20240513;100006;579.4;2;10336849755;B
20240513;100006;579.35;1;10336849757;S
20240513;100006;579.35;2;10336849759;S
20240513;100006;579.4;1;10336849761;B
20240513;100006;579.35;1;10336849766;S
20240513;100006;579.35;1;10336849768;S
20240513;100006;579.4;2;10336849772;B
20240513;100006;579.4;1;10336849773;B
20240513;100006;579.4;2;10336849775;B
20240513;100006;579.4;1;10336849777;B
20240513;100006;579.35;1;10336849778;S
20240513;100006;579.4;1;10336849782;B
20240513;100006;579.35;4;10336849784;S
20240513;100006;579.35;3;10336849786;S
20240513;100006;579.4;1;10336849790;B
20240513;100006;579.35;2;10336849793;S
20240513;100006;579.4;2;10336849799;B
20240513;100006;579.4;1;10336849800;B
20240513;100006;579.4;1;10336849803;B
20240513;100006;579.35;2;10336849807;S
20240513;100006;579.4;1;10336849808;B
20240513;100006;579.4;1;10336849815;B
20240513;100006;579.35;1;10336849819;S
20240513;100006;579.4;2;10336849822;B
20240513;100006;579.4;2;10336849824;B
20240513;100006;579.4;2;10336849826;B
20240513;100006;579.35;2;10336849831;S
20240513;100006;579.4;2;10336849836;B
20240513;100006;579.35;1;10336849838;S
20240513;100006;579.35;1;10336849845;S
20240513;100006;579.35;1;10336849847;S
20240513;100006;579.4;2;10336849849;B
20240513;100006;579.4;1;10336849851;B
20240513;100006;579.35;2;10336849854;S
20240513;100006;579.4;2;10336849856;B
20240513;100006;579.4;150;10336849857;B
20240513;100006;579.35;2;10336849861;S
20240513;100006;579.4;2;10336849863;B
20240513;100006;579.35;2;10336849870;S
20240513;100006;579.4;10;10336849975;B
20240513;100006;579.4;20;10336850057;B
20240513;100006;579.4;2;10336850172;B
20240513;100006;579.4;51;10336850173;B
20240513;100006;579.4;2;10336850174;B
20240513;100006;579.4;2;10336850175;B
20240513;100006;579.35;2;10336850176;S
20240513;100006;579.4;2;10336850177;B
20240513;100006;579.35;8;10336850178;S
20240513;100006;579.4;1;10336850179;B
20240513;100006;579.4;1;10336850181;B
20240513;100006;579.35;2;10336850182;S
20240513;100006;579.4;2;10336850183;B
20240513;100006;579.35;2;10336850184;S
20240513;100006;579.35;1;10336850185;S
20240513;100006;579.4;2;10336850186;B
20240513;100006;579.4;2;10336850187;B
20240513;100006;579.4;2;10336850189;B
20240513;100006;579.4;1;10336850190;B
20240513;100006;579.35;1;10336850193;S
20240513;100006;579.35;2;10336850195;S
20240513;100006;579.35;2;10336850196;S
20240513;100006;579.4;1;10336850198;B
20240513;100006;579.4;1;10336850199;B
20240513;100006;579.35;1;10336850200;S
20240513;100006;579.4;1;10336850201;B
20240513;100006;579.4;2;10336850203;B
20240513;100006;579.4;2;10336850204;B
20240513;100006;579.4;2;10336850207;B
20240513;100006;579.4;2;10336850208;B
20240513;100006;579.4;2;10336850209;B
20240513;100006;579.35;5;10336850210;S
20240513;100006;579.4;2;10336850212;B
20240513;100006;579.35;2;10336850213;S
20240513;100006;579.35;2;10336850215;S
20240513;100006;579.4;10;10336850548;B
20240513;100006;579.4;10;10336850568;B
20240513;100006;579.35;3;10336850716;S
20240513;100006;579.4;2;10336850717;B
20240513;100006;579.4;1;10336850718;B
20240513;100006;579.4;1;10336850720;B
20240513;100006;579.4;2;10336850722;B
20240513;100006;579.4;1;10336850723;B
20240513;100006;579.4;1;10336850724;B
20240513;100006;579.4;2;10336850726;B
20240513;100006;579.4;2;10336850727;B
20240513;100006;579.4;1;10336850728;B
20240513;100006;579.35;1;10336850729;S
20240513;100006;579.4;1;10336850730;B
20240513;100006;579.4;2;10336850732;B
20240513;100006;579.4;1;10336850733;B
20240513;100006;579.4;2;10336850734;B
20240513;100006;579.4;2;10336850735;B
20240513;100006;579.4;1;10336850736;B
20240513;100006;579.4;1;10336850737;B
20240513;100006;579.35;2;10336850750;S
20240513;100006;579.4;1;10336850752;B
20240513;100006;579.4;2;10336850753;B
20240513;100006;579.4;2;10336850754;B
20240513;100006;579.4;1;10336850755;B
20240513;100006;579.4;2;10336850756;B
20240513;100006;579.4;1;10336850758;B
20240513;100006;579.4;2;10336850759;B
20240513;100006;579.35;1;10336850760;S
20240513;100006;579.35;1;10336850761;S
20240513;100006;579.35;1;10336850762;S
20240513;100006;579.4;1;10336850764;B
20240513;100006;579.35;2;10336850766;S
20240513;100006;579.4;1;10336850768;B
20240513;100006;579.4;2;10336850769;B
20240513;100006;579.4;1;10336850770;B
20240513;100006;579.4;2;10336850771;B
20240513;100006;579.4;2;10336850772;B
20240513;100006;579.4;2;10336850773;B
20240513;100006;579.4;2;10336850774;B
20240513;100006;579.4;2;10336850775;B
20240513;100006;579.35;2;10336850776;S
20240513;100006;579.4;2;10336850778;B
20240513;100006;579.4;1;10336850779;B
20240513;100006;579.4;1;10336850780;B
20240513;100006;579.35;9;10336850781;S
20240513;100006;579.4;1;10336850782;B
20240513;100006;579.4;1;10336850783;B
20240513;100006;579.4;2;10336850784;B
20240513;100006;579.35;2;10336850785;S
20240513;100006;579.35;2;10336850786;S
20240513;100006;579.35;1;10336850787;S
20240513;100006;579.4;2;10336850788;B
20240513;100006;579.4;2;10336850789;B
20240513;100006;579.4;2;10336850790;B
20240513;100006;579.35;2;10336850791;S
20240513;100006;579.35;4;10336850792;S
20240513;100006;579.4;2;10336850793;B
20240513;100006;579.35;1;10336850967;S
20240513;100006;579.4;2;10336850968;B
20240513;100006;579.4;10;10336851026;B
20240513;100007;579.4;1;10336851283;B
20240513;100007;579.35;1;10336851284;S
20240513;100007;579.4;2;10336851285;B
20240513;100007;579.4;2;10336851288;B
20240513;100007;579.35;2;10336851289;S
20240513;100007;579.4;1;10336851291;B
20240513;100007;579.4;2;10336851292;B
20240513;100007;579.35;1;10336851294;S
20240513;100007;579.4;1;10336851295;B
20240513;100007;579.4;2;10336851296;B
20240513;100007;579.4;2;10336851297;B
20240513;100007;579.4;2;10336851302;B
20240513;100007;579.35;2;10336851306;S
20240513;100007;579.35;2;10336851307;S
20240513;100007;579.35;2;10336851313;S
20240513;100007;579.4;2;10336851314;B
20240513;100007;579.35;1;10336851722;S
20240513;100007;579.4;1;10336852109;B
20240513;100007;579.35;1;10336852112;S
20240513;100007;579.35;1;10336852113;S
20240513;100007;579.4;1;10336852114;B
20240513;100007;579.4;2;10336852116;B
20240513;100007;579.4;1;10336852119;B
20240513;100007;579.4;1;10336852120;B
20240513;100007;579.4;1;10336852121;B
20240513;100007;579.4;2;10336852122;B
20240513;100007;579.35;1;10336852123;S
20240513;100007;579.4;1;10336852150;B
20240513;100007;579.4;1;10336852152;B
20240513;100007;579.4;2;10336852153;B
20240513;100007;579.4;2;10336852154;B
20240513;100007;579.4;1;10336852155;B
20240513;100007;579.35;1;10336852156;S
20240513;100007;579.4;2;10336852157;B
20240513;100007;579.4;2;10336852160;B
20240513;100007;579.35;2;10336852164;S
20240513;100007;579.35;2;10336852165;S
20240513;100007;579.35;2;10336852167;S
20240513;100007;579.35;2;10336852168;S
20240513;100007;579.4;2;10336852169;B
20240513;100007;579.4;1;10336852170;B
20240513;100007;579.35;2;10336852171;S
20240513;100007;579.35;1;10336852172;S
20240513;100007;579.4;2;10336852174;B
20240513;100007;579.35;2;10336852175;S
20240513;100007;579.35;1;10336852180;S
20240513;100007;579.35;2;10336852181;S
20240513;100007;579.35;2;10336852182;S
20240513;100007;579.4;2;10336852184;B
20240513;100007;579.4;2;10336852186;B
20240513;100007;579.35;2;10336852187;S
20240513;100007;579.4;2;10336852188;B
20240513;100007;579.35;3;10336852189;S
20240513;100007;579.4;2;10336852190;B
20240513;100007;579.35;2;10336852191;S
20240513;100007;579.35;2;10336852192;S
20240513;100007;579.4;1;10336852196;B
20240513;100007;579.35;2;10336852197;S
20240513;100007;579.35;2;10336852199;S
20240513;100007;579.35;1;10336852200;S
20240513;100007;579.35;1;10336852202;S
20240513;100007;579.4;3;10336852314;B
20240513;100007;579.35;2;10336852323;S
20240513;100007;579.4;1;10336852339;B
20240513;100007;579.4;2;10336852346;B
20240513;100007;579.4;1;10336852359;B
20240513;100007;579.4;2;10336852364;B
20240513;100007;579.4;2;10336852371;B
20240513;100007;579.4;2;10336852376;B
20240513;100007;579.4;2;10336852381;B
20240513;100007;579.4;1;10336852386;B
20240513;100007;579.4;10;10336852387;B
20240513;100007;579.4;1;10336852395;B
20240513;100007;579.4;2;10336852415;B
20240513;100007;579.35;2;10336852444;S
20240513;100007;579.4;2;10336852451;B
20240513;100007;579.4;1;10336852453;B
20240513;100007;579.4;10;10336852462;B
20240513;100007;579.4;2;10336852471;B
20240513;100007;579.4;1;10336852477;B
20240513;100007;579.4;1;10336852487;B
20240513;100007;579.35;1;10336852492;S
20240513;100007;579.35;1;10336852501;S
20240513;100007;579.4;1;10336852510;B
20240513;100007;579.4;1;10336852517;B
20240513;100007;579.4;2;10336852526;B
20240513;100007;579.4;2;10336852530;B
20240513;100007;579.35;2;10336852538;S
20240513;100007;579.35;3;10336852544;S
20240513;100007;579.35;1;10336852553;S
20240513;100007;579.35;18;10336852560;S
20240513;100007;579.35;1;10336852566;S
20240513;100007;579.35;2;10336852581;S
20240513;100007;579.4;3;10336852588;B
20240513;100007;579.4;2;10336852601;B
20240513;100007;579.4;2;10336852613;B
20240513;100007;579.4;2;10336852614;B
20240513;100007;579.4;10;10336852664;B
20240513;100008;579.4;1;10336852966;B
20240513;100008;579.4;2;10336852967;B
20240513;100008;579.4;1;10336852968;B
20240513;100008;579.4;2;10336853361;B
20240513;100008;579.4;1;10336853368;B
20240513;100008;579.35;2;10336853656;S
20240513;100008;579.35;2;10336853665;S
20240513;100008;579.35;31;10336853674;S
20240513;100008;579.4;2;10336853684;B
20240513;100008;579.4;2;10336853694;B
20240513;100008;579.4;1;10336853705;B
20240513;100008;579.35;1;10336853717;S
20240513;100008;579.35;2;10336853736;S
20240513;100008;579.35;2;10336853746;S
20240513;100008;579.35;1;10336853757;S
20240513;100008;579.35;8;10336853767;S
20240513;100008;579.35;2;10336853776;S
20240513;100008;579.35;2;10336853796;S
20240513;100008;579.35;3;10336853802;S
20240513;100008;579.4;1;10336853819;B
20240513;100008;579.4;1;10336853826;B
20240513;100008;579.4;1;10336853843;B
20240513;100008;579.35;1;10336853850;S
20240513;100008;579.4;1;10336853860;B
20240513;100008;579.4;1;10336853869;B
20240513;100008;579.4;2;10336853880;B
20240513;100008;579.4;2;10336853954;B
20240513;100008;579.4;2;10336853960;B
20240513;100008;579.4;2;10336853979;B
20240513;100008;579.35;1;10336853988;S
20240513;100008;579.4;1;10336854147;B
20240513;100008;579.4;2;10336854165;B
20240513;100008;579.4;10;10336854177;B
20240513;100008;579.4;2;10336854185;B
20240513;100008;579.4;2;10336854208;B
20240513;100008;579.4;2;10336854216;B
20240513;100008;579.4;1;10336854227;B
20240513;100008;579.4;2;10336854235;B
20240513;100008;579.35;2;10336854245;S
20240513;100008;579.35;1;10336854254;S
20240513;100008;579.35;2;10336854268;S
20240513;100008;579.4;2;10336854556;B
20240513;100008;579.4;1;10336854567;B
20240513;100008;579.4;1;10336854574;B
20240513;100008;579.4;1;10336854586;B
20240513;100008;579.4;2;10336854595;B
20240513;100008;579.35;1;10336854604;S
20240513;100008;579.4;2;10336854622;B
20240513;100008;579.35;2;10336854631;S
20240513;100008;579.4;2;10336854638;B
20240513;100008;579.4;2;10336854645;B
20240513;100008;579.4;1;10336854656;B
20240513;100008;579.4;2;10336854665;B
20240513;100008;579.35;2;10336854673;S
20240513;100008;579.35;4;10336854678;S
20240513;100008;579.35;3;10336854703;S
20240513;100008;579.4;1;10336854715;B
20240513;100008;579.35;2;10336854723;S
20240513;100008;579.35;1;10336854728;S
20240513;100008;579.4;1;10336854747;B
20240513;100008;579.4;1;10336854757;B
20240513;100008;579.4;2;10336854768;B
20240513;100008;579.4;4;10336854772;B
20240513;100008;579.35;2;10336854775;S
20240513;100008;579.4;1;10336854794;B
20240513;100008;579.35;2;10336854795;S
20240513;100008;579.4;1;10336854803;B
20240513;100008;579.4;2;10336854805;B
20240513;100008;579.4;2;10336854813;B
20240513;100008;579.4;5;10336854819;B
20240513;100008;579.4;1;10336854824;B
20240513;100008;579.4;3;10336854834;B
20240513;100008;579.4;2;10336854836;B
20240513;100008;579.35;2;10336854839;S
20240513;100008;579.4;1;10336854844;B
20240513;100008;579.35;1;10336854845;S
20240513;100008;579.4;1;10336854850;B
20240513;100008;579.4;2;10336854853;B
20240513;100008;579.4;1;10336854858;B
20240513;100008;579.4;1;10336854864;B
20240513;100008;579.4;2;10336854867;B
20240513;100008;579.35;3;10336854868;S
20240513;100008;579.4;3;10336854877;B
20240513;100008;579.4;1;10336854878;B
20240513;100008;579.4;4;10336854884;B
20240513;100008;579.35;1;10336854886;S
20240513;100008;579.35;3;10336854892;S
20240513;100008;579.35;1;10336854897;S
20240513;100008;579.4;1;10336854900;B
20240513;100008;579.4;2;10336854906;B
20240513;100008;579.4;1;10336854909;B
20240513;100008;579.35;2;10336854915;S
20240513;100008;579.35;2;10336854917;S
20240513;100008;579.4;4;10336854922;B
20240513;100008;579.35;4;10336854930;S
20240513;100008;579.35;2;10336854931;S
20240513;100008;579.4;2;10336854936;B
20240513;100008;579.4;2;10336854952;B
20240513;100008;579.4;2;10336854954;B
20240513;100008;579.35;1;10336854962;S
20240513;100008;579.4;2;10336854965;B
20240513;100008;579.4;1;10336854969;B
20240513;100008;579.4;2;10336854970;B
20240513;100008;579.35;3;10336854983;S
20240513;100008;579.4;1;10336854997;B
20240513;100008;579.35;4;10336855000;S
20240513;100008;579.35;2;10336855002;S
20240513;100008;579.4;1;10336855009;B
20240513;100008;579.4;2;10336855019;B
20240513;100008;579.4;1;10336855022;B
20240513;100008;579.35;2;10336855026;S
20240513;100008;579.4;1;10336855033;B
20240513;100008;579.4;2;10336855034;B
20240513;100008;579.35;2;10336855039;S
20240513;100008;579.35;2;10336855042;S
20240513;100008;579.4;1;10336855053;B
20240513;100008;579.4;400;10336855054;B
20240513;100008;579.4;2;10336855069;B
20240513;100008;579.4;11;10336855078;B
20240513;100008;579.35;2;10336855088;S
20240513;100008;579.4;10;10336855255;B
20240513;100008;579.35;1;10336855274;S
20240513;100008;579.35;1;10336855279;S
20240513;100008;579.35;1;10336855280;S
20240513;100008;579.35;1;10336855287;S
20240513;100008;579.4;2;10336855290;B
20240513;100008;579.4;2;10336855299;B
20240513;100008;579.4;50;10336855305;B
20240513;100008;579.4;2;10336855306;B
20240513;100008;579.4;10;10336855318;B
20240513;100008;579.4;1;10336855321;B
20240513;100008;579.4;3;10336855329;B
20240513;100008;579.35;1;10336855334;S
20240513;100008;579.4;1;10336855346;B
20240513;100008;579.35;3;10336855357;S
20240513;100008;579.4;2;10336855360;B
20240513;100008;579.35;2;10336855379;S
20240513;100008;579.35;1;10336855384;S
20240513;100008;579.35;2;10336855389;S
20240513;100008;579.35;2;10336855395;S
20240513;100008;579.4;1;10336855400;B
20240513;100008;579.4;1;10336855404;B
20240513;100008;579.4;1;10336855411;B
20240513;100008;579.4;1;10336855415;B
20240513;100008;579.35;2;10336855588;S
20240513;100008;579.35;1;10336855590;S
20240513;100008;579.4;1;10336855591;B
20240513;100008;579.35;4;10336855593;S
20240513;100008;579.35;3;10336855597;S
20240513;100008;579.35;365;10336855599;S
20240513;100008;579.35;173;10336855600;S
20240513;100008;579.35;200;10336855601;S
20240513;100008;579.35;380;10336855602;S
20240513;100008;579.3;2;10336855603;S
20240513;100008;579.3;500;10336855604;S
20240513;100008;579.3;156;10336855605;S
20240513;100008;579.25;1;10336855606;S
20240513;100008;579.25;75;10336855607;S
20240513;100008;579.2;1;10336855608;S
20240513;100008;579.2;6;10336855609;S
20240513;100008;579.2;5;10336855610;S
20240513;100008;579.2;1;10336855611;S
20240513;100008;579.2;3;10336855612;S
20240513;100008;579.2;3;10336855613;S
20240513;100008;579.2;2;10336855614;S
20240513;100008;579.2;400;10336855615;S
20240513;100008;579.2;1;10336855616;S
20240513;100008;579.2;1;10336855617;S
20240513;100008;579.2;20;10336855618;S
20240513;100008;579.2;6;10336855619;S
20240513;100008;579.2;16;10336855620;S
20240513;100008;579.2;1;10336855621;S
20240513;100008;579.2;10;10336855622;S
20240513;100008;579.2;69;10336855623;S
20240513;100008;579.2;10;10336855624;S
20240513;100008;579.2;1;10336855625;S
20240513;100008;579.2;12;10336855626;S
20240513;100008;579.2;4;10336855627;S
20240513;100008;579.2;6;10336855628;S
20240513;100008;579.2;1;10336855629;S
20240513;100008;579.2;1;10336855630;S
20240513;100008;579.2;1;10336855631;S
20240513;100008;579.2;1;10336855632;S
20240513;100008;579.2;864;10336855633;S
20240513;100008;579.2;1;10336855634;S
20240513;100008;579.2;200;10336855635;S
20240513;100008;579.2;240;10336855636;S
20240513;100008;579.05;1;10336855637;S
20240513;100008;579.05;370;10336855638;S
20240513;100008;579.05;1;10336855639;S
20240513;100008;579.05;518;10336855640;S
20240513;100008;579;1;10336855641;S
20240513;100008;579;1;10336855642;S
20240513;100008;579;10;10336855643;S
20240513;100008;579;1;10336855644;S
20240513;100008;579;116;10336855645;S
20240513;100008;579;2;10336855646;S
20240513;100008;579;1;10336855647;S
20240513;100008;579;2;10336855648;S
20240513;100008;579;1;10336855649;S
20240513;100008;579;14;10336855650;S
20240513;100008;579;1;10336855651;S
20240513;100008;579;10;10336855652;S
20240513;100008;579;1;10336855653;S
20240513;100008;579;2;10336855654;S
20240513;100008;579;50;10336855655;S
20240513;100008;579;2;10336855656;S
20240513;100008;579;10;10336855657;S
20240513;100008;579;1000;10336855658;S
20240513;100008;579;10;10336855659;S
20240513;100008;579;50;10336855660;S
20240513;100008;579;500;10336855661;S
20240513;100008;579;100;10336855662;S
20240513;100008;579;1;10336855663;S
20240513;100008;579;2085;10336855664;S
20240513;100008;579.4;1;10336855666;B
20240513;100008;579.35;2;10336855670;B
20240513;100008;579.35;2;10336855673;B
20240513;100008;579.05;2;10336855678;S
20240513;100008;579.35;2;10336855679;B
20240513;100008;579.35;2;10336855682;B
20240513;100008;579.35;2;10336855685;B
20240513;100008;579.35;1;10336855688;B
20240513;100008;579.35;1;10336855700;B
20240513;100008;579.35;2;10336855701;B
20240513;100008;579.35;1;10336855705;B
20240513;100008;579.1;2;10336855709;S
20240513;100008;579.35;2;10336855712;B
20240513;100008;579.35;2;10336855716;B
20240513;100008;579.35;2;10336855720;B
20240513;100008;579.35;2;10336855721;B
20240513;100008;579.35;2;10336855722;B
20240513;100008;579.35;1;10336855723;B
20240513;100008;579.35;2;10336855729;B
20240513;100008;579.1;2;10336855733;S
20240513;100008;579.1;3;10336855734;S
20240513;100008;579.35;10;10336855736;B
20240513;100008;579.4;2;10336855738;B
20240513;100008;579.4;1;10336855743;B
20240513;100008;579.1;1;10336855745;S
20240513;100008;579.1;2;10336855748;S
20240513;100008;579.35;2;10336855750;B
20240513;100008;579.1;2;10336855753;S
20240513;100008;579.35;1;10336855755;B
20240513;100008;579.35;2;10336855760;B
20240513;100008;579.1;35;10336855762;S
20240513;100008;579.1;2;10336855764;S
20240513;100008;579.35;1;10336855767;B
20240513;100008;579.35;2;10336855771;B
20240513;100008;579.1;8;10336855773;S
20240513;100008;579.35;2;10336855775;B
20240513;100008;579.1;1;10336855778;S
20240513;100008;579.35;2;10336855781;B
20240513;100008;579.35;2;10336855783;B
20240513;100008;579.35;1;10336855788;B
20240513;100008;579.35;1;10336855791;B
20240513;100008;579.35;1;10336855793;B
20240513;100008;579.1;1;10336855795;S
20240513;100008;579.35;2;10336855799;B
20240513;100009;579.35;15;10336855970;B
20240513;100009;579.4;15;10336855971;B
20240513;100009;579.4;20;10336855972;B
20240513;100009;579.4;20;10336855991;B
20240513;100009;579.35;7;10336855994;B
20240513;100009;579.4;33;10336855995;B
20240513;100009;579.4;50;10336856010;B
20240513;100009;579.4;10;10336856037;B
20240513;100009;579.4;20;10336856039;B
20240513;100009;579.4;50;10336856055;B
20240513;100009;579.4;10;10336856070;B
20240513;100009;579.4;1;10336856075;B
20240513;100009;579.4;2;10336856076;B
20240513;100009;579.1;1;10336856077;S
20240513;100009;579.1;2;10336856078;S
20240513;100009;579.4;10;10336856079;B
20240513;100009;579.4;2;10336856084;B
20240513;100009;579.4;1;10336856085;B
20240513;100009;579.4;1;10336856086;B
20240513;100009;579.1;2;10336856087;S
20240513;100009;579.4;2;10336856088;B
20240513;100009;579.4;1;10336856090;B
20240513;100009;579.4;1;10336856095;B
20240513;100009;579.4;2;10336856097;B
20240513;100009;579.1;2;10336856098;S
20240513;100009;579.4;2;10336856099;B
20240513;100009;579.1;2;10336856100;S
20240513;100009;579.1;3;10336856103;S
20240513;100009;579.1;2;10336856104;S
20240513;100009;579.4;90;10336856106;B
20240513;100009;579.4;1;10336856107;B
20240513;100009;579.4;1;10336856108;B
20240513;100009;579.1;4;10336856110;S
20240513;100009;579.4;1;10336856111;B
20240513;100009;579.4;1;10336856114;B
20240513;100009;579.4;1;10336856115;B
20240513;100009;579.1;10;10336856117;S
20240513;100009;579.4;2;10336856118;B
20240513;100009;579.1;2;10336856119;S
20240513;100009;579.1;2;10336856120;S
20240513;100009;579.4;2;10336856122;B
20240513;100009;579.4;2;10336856123;B
20240513;100009;579.4;1;10336856126;B
20240513;100009;579.4;1;10336856127;B
20240513;100009;579.4;2;10336856129;B
20240513;100009;579.4;20;10336856136;B
20240513;100009;579.4;4;10336856137;B
20240513;100009;579.4;1;10336856138;B
20240513;100009;579.1;7;10336856139;S
20240513;100009;579.4;20;10336856140;B
20240513;100009;579.1;2;10336856142;S
20240513;100009;579.4;1;10336856143;B
20240513;100009;579.1;2;10336856144;S
20240513;100009;579.4;2;10336856145;B
20240513;100009;579.1;1;10336856146;S
20240513;100009;579.1;1;10336856148;S
20240513;100009;579.4;40;10336856150;B
20240513;100009;579.4;50;10336856185;B
20240513;100009;579.4;10;10336856226;B
20240513;100009;579.4;10;10336856227;B
20240513;100009;579.4;100;10336856243;B
20240513;100009;579.4;10;10336856262;B
20240513;100009;579.4;50;10336856266;B
20240513;100009;579.4;10;10336856296;B
20240513;100009;579.4;210;10336856297;B
20240513;100009;579.4;1;10336856355;B
20240513;100009;579.4;1;10336856359;B
20240513;100009;579.4;10;10336856365;B
20240513;100009;579.4;10;10336856425;B
20240513;100009;579.4;10;10336856452;B
20240513;100009;579.4;10;10336856460;B
20240513;100009;579.4;10;10336856465;B
20240513;100009;579.4;10;10336856483;B
20240513;100009;579.4;10;10336856489;B
20240513;100009;579.4;10;10336856494;B
20240513;100009;579.4;30;10336856512;B
20240513;100009;579.4;10;10336856517;B
20240513;100009;579.1;1;10336856578;S
20240513;100009;579.25;173;10336856685;S
20240513;100009;579.2;34;10336856686;S
20240513;100009;579.2;200;10336856687;S
20240513;100009;579.15;388;10336856688;S
20240513;100009;579.05;705;10336856689;S
20240513;100009;579.15;2;10336856735;S
20240513;100009;579.35;2;10336856746;B
20240513;100009;579.35;10;10336856751;B
20240513;100009;579.35;3;10336856752;B
20240513;100009;579.35;1;10336856759;B
20240513;100009;579.35;2;10336856761;B
20240513;100009;579.2;34;10336856762;S
20240513;100009;579.15;171;10336856763;S
20240513;100009;579.15;380;10336856764;S
20240513;100009;579.1;182;10336856765;S
20240513;100009;579.35;2;10336856769;B
20240513;100009;579.35;2;10336856788;B
20240513;100009;579.35;1;10336856802;B
20240513;100009;579.35;11;10336856807;B
20240513;100009;579.4;9;10336856808;B
20240513;100009;579.4;1;10336856810;B
20240513;100009;579.35;10;10336856811;B
20240513;100009;579.1;1;10336856812;S
20240513;100009;579.35;20;10336856814;B
20240513;100009;579.35;2;10336856818;B
20240513;100009;579.1;4;10336856820;S
20240513;100009;579.35;2;10336856822;B
20240513;100009;579.4;38;10336856823;B
20240513;100009;579.4;70;10336856832;B
20240513;100009;579.3;1;10336856834;S
20240513;100009;579.3;1;10336856838;S
20240513;100009;579.4;1;10336856840;B
20240513;100009;579.3;1;10336856841;S
20240513;100009;579.4;20;10336856843;B
20240513;100009;579.3;2;10336856844;S
20240513;100009;579.4;2;10336856845;B
20240513;100009;579.3;2;10336856846;S
20240513;100009;579.4;2;10336856852;B
20240513;100009;579.4;1;10336856853;B
20240513;100009;579.4;2;10336856854;B
20240513;100009;579.3;2;10336856856;S
20240513;100009;579.3;2;10336856857;S
20240513;100009;579.4;1;10336856858;B
20240513;100009;579.4;2;10336856872;B
20240513;100009;579.3;2;10336856874;S
20240513;100009;579.4;2;10336856875;B
20240513;100009;579.4;40;10336856877;B
20240513;100009;579.4;20;10336856878;B
20240513;100009;579.4;1;10336856879;B
20240513;100009;579.4;2;10336856887;B
20240513;100009;579.4;2;10336856888;B
20240513;100009;579.4;4;10336856892;B
20240513;100009;579.3;6;10336856894;S
20240513;100009;579.4;2;10336856895;B
20240513;100009;579.3;2;10336856896;S
20240513;100009;579.4;1;10336856898;B
20240513;100009;579.4;2;10336856899;B
20240513;100009;579.4;2;10336856905;B
20240513;100009;579.3;2;10336856909;S
20240513;100009;579.4;10;10336856910;B
20240513;100009;579.3;2;10336856911;S
20240513;100009;579.4;1;10336856912;B
20240513;100009;579.4;2;10336856914;B
20240513;100009;579.4;2;10336856916;B
20240513;100009;579.3;1;10336856918;S
20240513;100009;579.4;2;10336856921;B
20240513;100009;579.3;2;10336856922;S
20240513;100009;579.3;2;10336856923;S
20240513;100009;579.4;1;10336856926;B
20240513;100009;579.3;2;10336856927;S
20240513;100009;579.4;2;10336856928;B
20240513;100009;579.4;2;10336856930;B
20240513;100009;579.3;1;10336856931;S
20240513;100009;579.4;2;10336856933;B
20240513;100009;579.4;1;10336856934;B
20240513;100009;579.4;10;10336856936;B
20240513;100009;579.3;2;10336856937;S
20240513;100009;579.4;1;10336856940;B
20240513;100009;579.4;10;10336856941;B
20240513;100009;579.4;2;10336856942;B
20240513;100009;579.4;2;10336856943;B
20240513;100009;579.3;1;10336856944;S
20240513;100009;579.4;1;10336856945;B
20240513;100009;579.4;1;10336856946;B
20240513;100009;579.3;2;10336856948;S
20240513;100009;579.4;1;10336856950;B
20240513;100009;579.4;2;10336856957;B
20240513;100009;579.4;1;10336856958;B
20240513;100009;579.4;1;10336856963;B
20240513;100009;579.4;2;10336856965;B
20240513;100009;579.4;2;10336856966;B
20240513;100009;579.4;1;10336856970;B
20240513;100009;579.4;2;10336856974;B
20240513;100009;579.4;1;10336856975;B
20240513;100009;579.4;1;10336856977;B
20240513;100009;579.3;1;10336856982;S
20240513;100009;579.4;2;10336856983;B
20240513;100009;579.4;1;10336856991;B
20240513;100009;579.4;1;10336856993;B
20240513;100009;579.4;2;10336856995;B
20240513;100009;579.3;2;10336856997;S
20240513;100009;579.4;2;10336857001;B
20240513;100009;579.3;6;10336857003;S
20240513;100009;579.4;1;10336857004;B
20240513;100009;579.4;1;10336857009;B
20240513;100009;579.4;1;10336857010;B
20240513;100009;579.4;2;10336857012;B
20240513;100009;579.4;1;10336857018;B
20240513;100009;579.3;2;10336857019;S
20240513;100009;579.4;2;10336857021;B
20240513;100009;579.4;3;10336857022;B
20240513;100009;579.4;10;10336857023;B
20240513;100009;579.3;1;10336857026;S
20240513;100009;579.35;5;10336857027;B
20240513;100009;579.4;5;10336857028;B
20240513;100009;579.1;3;10336857033;S
20240513;100009;579.1;2;10336857034;S
20240513;100009;579.35;2;10336857038;B
20240513;100009;579.35;1;10336857039;B
20240513;100009;579.4;2;10336857040;B
20240513;100009;579.35;1;10336857042;B
20240513;100009;579.1;4;10336857046;S
20240513;100009;579.35;1;10336857052;B
20240513;100009;579.4;1;10336857053;B
20240513;100009;579.4;1;10336857066;B
20240513;100009;579.35;2;10336857070;B
20240513;100009;579.1;2;10336857076;S
20240513;100009;579.35;2;10336857084;B
20240513;100009;579.4;6;10336857085;B
20240513;100009;579.1;2;10336857091;S
20240513;100009;579.1;1;10336857092;S
20240513;100009;579.35;2;10336857095;B
20240513;100009;579.1;2;10336857097;S
20240513;100009;579.1;1;10336857098;S
20240513;100009;579.35;1;10336857100;B
20240513;100009;579.1;1;10336857102;S
20240513;100009;579.35;1;10336857124;B
20240513;100009;579.35;1;10336857129;B
20240513;100009;579.4;9;10336857130;B
20240513;100009;579.35;1;10336857134;B
20240513;100009;579.35;1;10336857144;B
20240513;100009;579.35;1;10336857153;B
20240513;100009;579.35;1;10336857290;B
20240513;100009;579.4;9;10336857291;B
20240513;100009;579.4;4;10336857315;B
20240513;100009;579.4;2;10336857326;B
20240513;100009;579.4;1;10336857332;B
20240513;100009;579.1;1;10336857337;S
20240513;100009;579.4;2;10336857346;B
20240513;100009;579.1;1;10336857374;S
20240513;100009;579.35;1;10336857383;B
20240513;100009;579.1;2;10336857398;S
20240513;100009;579.35;1;10336857404;B
20240513;100009;579.1;2;10336857415;S
20240513;100009;579.1;3;10336857428;S
20240513;100009;579.1;1;10336857440;S
20240513;100009;579.35;2;10336857454;B
20240513;100009;579.4;2;10336857459;B
20240513;100009;579.35;1;10336857465;B
20240513;100009;579.35;1;10336857471;B
20240513;100009;579.1;1;10336857481;S
20240513;100009;579.1;6;10336857482;S
20240513;100009;579.35;4;10336857487;B
20240513;100009;579.4;42;10336857488;B
20240513;100009;579.35;1;10336857495;B
20240513;100009;579.4;1;10336857496;B
20240513;100009;579.4;2;10336857505;B
20240513;100009;579.4;2;10336857516;B
20240513;100009;579.15;12;10336857524;S
20240513;100009;579.15;2;10336857531;S
20240513;100009;579.4;150;10336857536;B
20240513;100009;579.4;675;10336857546;B
20240513;100009;579.15;2;10336857554;S
20240513;100009;579.15;2;10336857561;S
20240513;100009;579.4;2;10336857564;B
20240513;100009;579.15;3;10336857573;S
20240513;100009;579.4;2;10336857580;B
20240513;100009;579.4;1;10336857584;B
20240513;100009;579.4;1;10336857589;B
20240513;100009;579.4;1;10336857600;B
20240513;100009;579.4;1;10336857604;B
20240513;100009;579.15;1;10336857612;S
20240513;100009;579.4;2;10336857618;B
20240513;100009;579.15;2;10336857625;S
20240513;100009;579.4;1;10336857634;B
20240513;100009;579.15;2;10336857645;S
20240513;100009;579.4;3;10336857648;B
20240513;100009;579.4;1;10336857654;B
20240513;100009;579.4;40;10336857667;B
20240513;100009;579.15;1;10336857673;S
20240513;100009;579.15;1;10336857678;S
20240513;100009;579.4;10;10336857681;B
20240513;100009;579.4;10;10336857687;B
20240513;100009;579.4;1;10336857691;B
20240513;100009;579.4;70;10336857695;B
20240513;100009;579.4;1;10336857701;B
20240513;100009;579.4;2;10336857714;B
20240513;100009;579.4;1;10336857753;B
20240513;100009;579.4;1;10336857761;B
20240513;100009;579.4;1;10336857769;B
20240513;100009;579.4;1;10336857778;B
20240513;100009;579.15;1;10336857798;S
20240513;100009;579.15;4;10336857811;S
20240513;100009;579.15;1;10336857814;S
20240513;100009;579.1;2;10336857815;S
20240513;100009;579.1;5;10336857836;S
20240513;100009;579.4;2;10336857849;B
20240513;100009;579.4;10;10336857856;B
20240513;100009;579.4;10;10336857961;B
20240513;100009;579.15;34;10336858038;S
20240513;100009;579.1;160;10336858039;S
20240513;100009;579.1;380;10336858040;S
20240513;100009;579.05;332;10336858041;S
20240513;100009;579.05;94;10336858042;S
20240513;100009;579.35;20;10336858186;B
20240513;100009;579.35;14;10336858199;B
20240513;100009;579.4;26;10336858200;B
20240513;100010;579.4;30;10336858204;B
20240513;100010;579.35;10;10336858210;B
20240513;100010;579.35;10;10336858288;B
20240513;100010;579.35;4;10336858379;B
20240513;100010;579.1;10;10336858583;S
20240513;100010;579.1;9;10336858644;S
20240513;100010;579.1;100;10336858900;S
20240513;100010;579.35;1;10336858919;B
20240513;100010;579.35;9;10336858969;B
20240513;100010;579.4;1;10336858970;B
20240513;100010;579.1;75;10336859044;S
20240513;100010;579.4;10;10336859060;B
20240513;100010;579.4;49;10336859107;B
20240513;100010;579.4;10;10336859165;B
20240513;100011;579.4;73;10336859592;B
20240513;100011;579.4;1;10336859635;B
20240513;100011;579.4;2;10336859701;B
20240513;100011;579.4;10;10336859723;B
20240513;100012;579.4;1;10336859972;B
20240513;100013;579.4;1;10336860489;B
20240513;100013;579.4;1;10336860507;B
20240513;100015;579.4;10;10336860978;B
20240513;100015;579.4;269;10336861322;B
20240513;100015;579.4;11;10336861323;B
20240513;100015;579.4;30;10336861363;B
20240513;100015;579.4;10;10336861366;B
20240513;100017;579.4;400;10336861766;B
20240513;100017;579.3;1;10336861786;S
20240513;100017;579.2;34;10336861787;S
20240513;100017;579.2;1;10336861788;S
20240513;100017;579.1;15;10336861789;S
20240513;100017;579.35;34;10336861830;B
20240513;100017;579.4;6;10336861831;B
20240513;100017;579.4;10;10336861872;B
20240513;100017;579.4;5;10336861888;B
20240513;100018;579.4;3;10336862200;B
20240513;100019;579.3;5;10336862535;B
20240513;100019;579.3;1;10336862840;B
20240513;100022;579.25;3;10336863639;S
20240513;100022;579.3;17;10336863910;B
20240513;100022;579.4;3983;10336863911;B
20240513;100022;579.4;400;10336863925;B
20240513;100023;579.4;40;10336863981;B
20240513;100023;579.4;10;10336864056;B
20240513;100023;579.4;5555;10336864148;B
20240513;100023;579.4;550;10336864231;B
20240513;100023;579.4;765;10336864240;B
20240513;100023;579.35;1;10336864266;S
20240513;100023;579.4;60;10336864302;B
20240513;100023;579.4;80;10336864303;B
20240513;100024;579.4;2;10336864325;B
20240513;100024;579.4;10;10336864332;B
20240513;100024;579.4;10;10336864334;B
20240513;100024;579.35;50;10336864335;S
20240513;100025;579.4;91;10336865055;B
20240513;100025;579.4;20;10336865090;B
20240513;100025;579.4;1;10336865099;B
20240513;100025;579.4;10;10336865102;B
20240513;100026;579.4;2;10336865431;B
20240513;100027;579.35;20;10336865465;S
20240513;100027;579.4;498;10336865512;B
20240513;100027;579.4;502;10336865513;B
20240513;100027;579.4;50;10336865572;B
20240513;100027;579.4;50;10336865573;B
20240513;100027;579.4;10;10336865674;B
20240513;100029;579.4;20;10336866193;B
20240513;100029;579.4;1;10336866229;B
20240513;100030;579.4;74;10336866650;B
20240513;100030;579.4;10;10336866684;B
20240513;100030;579.35;2;10336866938;S
20240513;100031;579.35;11;10336867046;S
20240513;100032;579.4;5;10336867687;B
20240513;100034;579.4;4;10336868066;B
20240513;100035;579.4;3;10336868567;B
20240513;100036;579.4;10;10336868802;B
20240513;100038;579.4;3;10336869332;B
20240513;100038;579.35;4;10336869387;S
20240513;100038;579.4;1;10336869431;B
20240513;100038;579.4;50;10336869546;B
20240513;100038;579.4;10;10336869558;B
20240513;100038;579.35;2;10336869560;S
20240513;100039;579.4;690;10336869633;B
20240513;100039;579.4;70;10336869663;B
20240513;100039;579.4;1;10336869668;B
20240513;100039;579.4;50;10336869689;B
20240513;100039;579.4;10;10336869695;B
20240513;100039;579.4;1000;10336869792;B
20240513;100039;579.4;100;10336869837;B
20240513;100040;579.4;10;10336869891;B
20240513;100041;579.4;697;10336870375;B
20240513;100041;579.4;18;10336870376;B
20240513;100041;579.4;80;10336870391;B
20240513;100041;579.4;10;10336870405;B
20240513;100041;579.4;7;10336870422;B
20240513;100041;579.4;10;10336870444;B
20240513;100041;579.4;1000;10336870562;B
20240513;100041;579.4;100;10336870574;B
20240513;100042;579.4;10;10336870613;B
20240513;100042;579.4;2;10336870729;B
20240513;100042;579.4;2;10336870749;B
20240513;100043;579.4;100;10336870946;B
20240513;100043;579.4;10;10336870980;B
20240513;100043;579.4;1;10336871188;B
20240513;100044;579.4;10;10336871337;B
20240513;100045;579.35;5;10336871862;S
20240513;100046;579.35;100;10336872192;S
20240513;100046;579.4;1;10336872193;B
20240513;100046;579.4;10;10336872202;B
20240513;100046;579.4;3;10336872281;B
20240513;100047;579.4;10;10336872359;B
20240513;100047;579.35;13;10336872448;S
20240513;100048;579.4;1;10336872540;B
20240513;100048;579.4;1;10336872692;B
20240513;100049;579.35;5;10336872907;S
20240513;100050;579.4;2;10336873218;B
20240513;100051;579.4;2000;10336873598;B
20240513;100051;579.4;210;10336873612;B
20240513;100051;579.4;30;10336873665;B
20240513;100051;579.4;2;10336873768;B
20240513;100052;579.4;5;10336873924;B
20240513;100053;579.4;1;10336874254;B
20240513;100053;579.35;2;10336874359;S
20240513;100053;579.35;1;10336874363;S
20240513;100054;579.4;5;10336874450;B
20240513;100054;579.4;1;10336874508;B
20240513;100054;579.4;151;10336874509;B
20240513;100054;579.4;20;10336874522;B
20240513;100054;579.4;1;10336874542;B
20240513;100054;579.4;10;10336874674;B
20240513;100055;579.4;1;10336874722;B
20240513;100056;579.4;20;10336875221;B
20240513;100057;579.35;12;10336875637;S
20240513;100057;579.35;88;10336875638;S
20240513;100057;579.4;3000;10336875676;B
20240513;100057;579.4;10;10336875682;B
20240513;100057;579.4;800;10336875687;B
20240513;100057;579.4;300;10336875712;B
20240513;100057;579.4;80;10336875713;B
20240513;100057;579.4;83;10336875714;B
20240513;100058;579.4;30;10336875789;B
20240513;100058;579.4;10;10336875792;B
20240513;100058;579.4;10;10336875793;B
20240513;100058;579.4;1;10336875795;B
20240513;100058;579.4;50;10336875821;B
20240513;100058;579.4;10;10336875840;B
20240513;100059;579.35;1;10336876252;S
20240513;100100;579.35;1;10336876529;S
20240513;100100;579.4;1000;10336876628;B
20240513;100100;579.4;100;10336876689;B
20240513;100100;579.35;410;10336876758;S
20240513;100100;579.35;50;10336876759;S
20240513;100100;579.35;173;10336876760;S
20240513;100100;579.35;172;10336876761;S
20240513;100100;579.35;195;10336876762;S
20240513;100100;579.4;10;10336876772;B
20240513;100100;579.4;40;10336876807;B
20240513;100100;579.4;10;10336876809;B
20240513;100100;579.4;10;10336876811;B
20240513;100100;579.4;20;10336876812;B
20240513;100100;579.4;20;10336876814;B
20240513;100100;579.4;10;10336876820;B
20240513;100100;579.4;1000;10336876825;B
20240513;100101;579.4;100;10336876910;B
20240513;100101;579.4;5;10336876926;B
20240513;100101;579.4;10;10336877022;B
20240513;100101;579.35;1;10336877040;S
20240513;100101;579.4;26;10336877106;B
20240513;100101;579.4;10;10336877135;B
20240513;100101;579.4;14;10336877156;B
20240513;100101;579.4;150;10336877233;B
20240513;100101;579.4;10;10336877257;B
20240513;100103;579.4;20;10336877679;B
20240513;100103;579.4;10;10336877699;B
20240513;100104;579.4;1;10336878378;B
20240513;100106;579.35;100;10336879192;S
20240513;100106;579.35;100;10336879207;S
20240513;100106;579.4;10;10336879209;B
20240513;100106;579.4;10;10336879274;B
20240513;100107;579.4;68;10336879587;B
20240513;100108;579.4;10;10336879630;B
20240513;100110;579.35;55;10336880173;S
20240513;100110;579.35;245;10336880174;S
20240513;100110;579.4;30;10336880250;B
20240513;100111;579.4;10;10336880432;B
20240513;100111;579.4;1;10336880433;B
20240513;100113;579.4;3;10336880875;B
20240513;100113;579.4;3;10336880946;B
20240513;100114;579.4;1;10336881191;B
20240513;100114;579.35;755;10336881224;S
20240513;100114;579.35;4;10336881225;S
20240513;100114;579.35;177;10336881226;S
20240513;100114;579.35;200;10336881227;S
20240513;100114;579.35;214;10336881228;S
20240513;100114;579.35;172;10336881229;S
20240513;100114;579.35;40;10336881230;S
20240513;100114;579.35;10;10336881231;S
20240513;100115;579.3;4;10336881240;S
20240513;100115;579.25;4;10336881241;S
20240513;100115;579.35;80;10336881272;B
20240513;100115;579.35;20;10336881279;B
20240513;100115;579.35;20;10336881280;B
20240513;100115;579.35;20;10336881281;B
20240513;100115;579.35;20;10336881283;B
20240513;100115;579.35;10;10336881284;B
20240513;100115;579.35;2;10336881315;B
20240513;100115;579.35;10;10336881423;B
20240513;100115;579.35;10;10336881425;B
20240513;100115;579.35;802;10336881574;B
20240513;100115;579.35;80;10336881601;B
20240513;100115;579.35;10;10336881629;B
20240513;100117;579.25;1;10336882059;S
20240513;100120;579.35;30;10336882748;B
20240513;100121;579.35;50;10336882878;B
20240513;100121;579.35;10;10336882888;B
20240513;100122;579.35;5;10336883065;B
20240513;100123;579.25;10;10336883649;S
20240513;100123;579.35;20;10336883713;B
20240513;100125;579.35;2;10336884130;B
20240513;100126;579.25;2;10336884431;S
20240513;100126;579.35;1;10336884438;B
20240513;100128;579.25;9;10336885116;S
20240513;100129;579.35;1;10336885299;B
20240513;100129;579.25;1;10336885357;S
20240513;100130;579.35;1;10336885774;B
20240513;100131;579.25;1;10336885898;S
20240513;100131;579.2;6;10336885899;S
20240513;100133;579.2;4;10336886323;S
20240513;100133;579.2;33;10336886324;S
20240513;100133;579.35;10;10336886345;B
20240513;100135;579.35;100;10336886825;B
20240513;100135;579.35;10;10336886830;B
20240513;100135;579.35;2;10336887052;B
20240513;100137;579.2;1;10336887304;S
20240513;100138;579.2;10;10336887617;S
20240513;100138;579.25;1;10336887660;B
20240513;100140;579.2;6;10336888005;S
20240513;100141;579.25;3;10336888392;B
20240513;100141;579.2;1;10336888444;S
20240513;100142;579.2;1;10336888451;S
20240513;100143;579.25;4;10336888778;B
20240513;100143;579.3;1;10336888779;B
20240513;100143;579.35;200;10336888955;B
20240513;100143;579.35;20;10336888964;B
20240513;100145;579.35;5;10336889396;B
20240513;100147;579.4;2;10336890207;B
20240513;100147;579.4;1;10336890290;B
20240513;100149;579.4;1;10336890821;B
20240513;100149;579.4;9762;10336890829;B
20240513;100149;579.4;18;10336890830;B
20240513;100149;579.4;4;10336890831;B
20240513;100149;579.4;216;10336890832;B
20240513;100149;579.4;980;10336890873;B
20240513;100149;579.4;30;10336890874;B
20240513;100149;579.4;100;10336890880;B
20240513;100149;579.4;10;10336890889;B
20240513;100149;579.4;10;10336890923;B
20240513;100150;579.4;14;10336891187;B
20240513;100151;579.35;79;10336891355;S
20240513;100151;579.4;10;10336891371;B
20240513;100152;579.4;1;10336891651;B
20240513;100152;579.35;94;10336891664;S
20240513;100152;579.35;177;10336891665;S
20240513;100152;579.3;129;10336891666;S
20240513;100152;579.4;10;10336891690;B
20240513;100152;579.4;20;10336891692;B
20240513;100152;579.4;10;10336891693;B
20240513;100152;579.4;1;10336891722;B
20240513;100152;579.35;2;10336891730;S
20240513;100154;579.4;1;10336892207;B
20240513;100155;579.35;20;10336892366;S
20240513;100157;579.4;200;10336892766;B
20240513;100157;579.4;30;10336892796;B
20240513;100157;579.4;10;10336892813;B
20240513;100158;579.4;1;10336892981;B
20240513;100159;579.35;5;10336893330;S
20240513;100200;579.35;6;10336893773;S
20240513;100201;579.4;1;10336894001;B
20240513;100201;579.4;4;10336894159;B
20240513;100202;579.35;4;10336894308;S
20240513;100203;579.4;9;10336894792;B
20240513;100203;579.4;1;10336894810;B
20240513;100204;579.4;500;10336894930;B
20240513;100204;579.4;50;10336894977;B
20240513;100204;579.4;10;10336894998;B
20240513;100205;579.35;136;10336895167;S
20240513;100205;579.35;64;10336895168;S
20240513;100205;579.4;10;10336895190;B
20240513;100205;579.4;10;10336895191;B
20240513;100205;579.4;1;10336895357;B
20240513;100209;579.4;5;10336896511;B
20240513;100209;579.4;5;10336896533;B
20240513;100210;579.35;101;10336896824;S
20240513;100210;579.4;10;10336896853;B
20240513;100211;579.35;6;10336896986;S
20240513;100211;579.4;1000;10336897042;B
20240513;100211;579.4;100;10336897064;B
20240513;100212;579.4;10;10336897083;B
20240513;100212;579.4;100;10336897242;B
20240513;100213;579.4;20;10336897283;B
20240513;100213;579.4;10;10336897306;B
20240513;100213;579.35;2;10336897354;S
20240513;100214;579.35;3;10336897496;S
20240513;100215;579.4;1;10336897836;B
20240513;100216;579.4;19;10336898009;B
20240513;100217;579.4;1;10336898214;B
20240513;100218;579.35;1;10336898438;S
20240513;100218;579.4;700;10336898547;B
20240513;100218;579.4;70;10336898581;B
20240513;100219;579.4;10;10336898596;B
20240513;100219;579.4;1;10336898597;B
20240513;100221;579.4;2;10336899111;B
20240513;100222;579.4;141;10336899305;B
20240513;100222;579.4;10;10336899352;B
20240513;100222;579.4;1;10336899374;B
20240513;100223;579.4;1;10336899695;B
20240513;100224;579.4;1;10336899765;B
20240513;100224;579.4;1;10336899878;B
20240513;100224;579.4;1;10336899891;B
20240513;100225;579.35;6;10336900010;S
20240513;100225;579.35;4;10336900011;S
20240513;100225;579.4;1;10336900172;B
20240513;100225;579.35;1;10336900174;S
20240513;100225;579.4;3;10336900190;B
20240513;100226;579.4;1;10336900348;B
20240513;100227;579.4;1300;10336900529;B
20240513;100227;579.4;200;10336900530;B
20240513;100227;579.4;140;10336900539;B
20240513;100227;579.4;30;10336900540;B
20240513;100227;579.4;20;10336900570;B
20240513;100228;579.4;100;10336900844;B
20240513;100228;579.4;20;10336900873;B
20240513;100228;579.4;10;10336900880;B
20240513;100230;579.4;1;10336901274;B
20240513;100230;579.35;1;10336901328;S
20240513;100231;579.4;6;10336901540;B
20240513;100233;579.4;1147;10336901824;B
20240513;100233;579.4;10;10336901825;B
20240513;100233;579.4;110;10336901836;B
20240513;100233;579.4;20;10336901839;B
20240513;100233;579.4;10;10336901861;B
20240513;100233;579.4;5;10336901902;B
20240513;100234;579.4;1;10336901997;B
20240513;100234;579.4;35;10336902031;B
20240513;100235;579.35;4;10336902235;S
20240513;100235;579.35;1;10336902236;S
20240513;100236;579.4;195;10336902493;B
20240513;100236;579.4;40;10336902514;B
20240513;100236;579.4;20;10336902519;B
20240513;100236;579.4;10;10336902520;B
20240513;100237;579.35;2;10336902618;S
20240513;100237;579.4;4;10336902810;B
20240513;100237;579.4;5;10336902818;B
20240513;100238;579.4;90;10336902999;B
20240513;100238;579.4;10;10336903014;B
20240513;100238;579.35;47;10336903018;S
20240513;100239;579.4;10;10336903170;B
20240513;100239;579.4;10;10336903202;B
20240513;100239;579.4;2;10336903209;B
20240513;100239;579.4;2;10336903256;B
20240513;100239;579.4;2;10336903427;B
20240513;100240;579.35;124;10336903571;S
20240513;100240;579.35;177;10336903572;S
20240513;100240;579.35;1;10336903573;S
20240513;100240;579.35;1;10336903574;S
20240513;100240;579.35;147;10336903575;S
20240513;100240;579.4;10;10336903583;B
20240513;100240;579.4;20;10336903584;B
20240513;100240;579.4;10;10336903585;B
20240513;100240;579.4;10;10336903620;B
20240513;100240;579.35;353;10336903651;S
20240513;100240;579.35;2;10336903652;S
20240513;100240;579.35;1;10336903653;S
20240513;100240;579.35;20;10336903654;S
20240513;100240;579.35;1;10336903655;S
20240513;100240;579.35;1;10336903656;S
20240513;100240;579.35;177;10336903657;S
20240513;100240;579.35;173;10336903658;S
20240513;100240;579.35;64;10336903659;S
20240513;100240;579.35;30;10336903712;B
20240513;100240;579.35;13;10336903713;B
20240513;100240;579.4;7;10336903714;B
20240513;100240;579.4;20;10336903717;B
20240513;100240;579.4;10;10336903718;B
20240513;100241;579.4;19;10336903836;B
20240513;100241;579.4;10;10336903878;B
20240513;100242;579.4;1;10336904144;B
20240513;100243;579.35;2;10336904340;S
20240513;100244;579.4;300;10336904445;B
20240513;100244;579.4;30;10336904485;B
20240513;100245;579.4;2;10336904564;B
20240513;100245;579.4;24;10336904596;B
20240513;100246;579.4;2;10336904769;B
20240513;100246;579.4;5;10336904822;B
20240513;100247;579.35;2;10336904997;S
20240513;100247;579.35;1;10336905039;S
20240513;100247;579.35;4;10336905146;S
20240513;100248;579.4;2;10336905155;B
20240513;100248;579.35;5;10336905282;S
20240513;100249;579.35;20;10336905432;S
20240513;100249;579.4;10;10336905442;B
20240513;100249;579.35;1;10336905558;S
20240513;100250;579.35;1;10336905765;S
20240513;100250;579.35;1;10336905789;S
20240513;100250;579.4;1;10336905824;B
20240513;100251;579.35;136;10336905893;S
20240513;100251;579.35;40;10336905894;S
20240513;100251;579.4;10;10336905915;B
20240513;100251;579.4;10;10336905916;B
20240513;100251;579.4;20;10336906014;B
20240513;100251;579.35;1;10336906023;S
20240513;100253;579.4;50;10336906510;B
20240513;100253;579.4;200;10336906514;B
20240513;100253;579.4;30;10336906528;B
20240513;100253;579.4;10;10336906548;B
20240513;100253;579.4;463;10336906591;B
20240513;100253;579.4;216;10336906592;B
20240513;100253;579.4;1;10336906593;B
20240513;100253;579.4;20;10336906594;B
20240513;100253;579.4;50;10336906659;B
20240513;100253;579.4;20;10336906660;B
20240513;100254;579.4;10;10336906671;B
20240513;100254;579.35;52;10336906764;S
20240513;100256;579.4;40;10336907370;B
20240513;100257;579.4;10;10336907438;B
20240513;100257;579.4;1;10336907521;B
20240513;100257;579.4;20;10336907635;B
20240513;100257;579.4;1;10336907683;B
20240513;100259;579.4;1;10336907917;B
20240513;100259;579.4;7;10336908014;B
20240513;100300;579.35;1;10336908049;S
20240513;100300;579.4;300;10336908166;B
20240513;100300;579.4;30;10336908230;B
20240513;100301;579.35;19;10336908336;S
20240513;100301;579.35;1;10336908337;S
20240513;100301;579.4;10;10336908392;B
20240513;100301;579.4;390;10336908597;B
20240513;100302;579.4;40;10336908618;B
20240513;100302;579.35;4;10336908884;S
20240513;100302;579.4;345;10336909053;B
20240513;100303;579.4;40;10336909080;B
20240513;100303;579.4;1;10336909098;B
20240513;100303;579.4;10;10336909132;B
20240513;100303;579.4;141;10336909197;B
20240513;100303;579.4;20;10336909224;B
20240513;100303;579.4;10;10336909261;B
20240513;100304;579.4;2;10336909410;B
20240513;100304;579.35;1;10336909420;S
20240513;100304;579.4;500;10336909432;B
20240513;100304;579.4;50;10336909442;B
20240513;100304;579.4;5;10336909480;B
20240513;100305;579.4;10;10336909588;B
20240513;100305;579.35;20;10336909611;S
20240513;100305;579.4;10;10336909620;B
20240513;100306;579.4;2;10336909780;B
20240513;100307;579.4;5;10336909929;B
20240513;100307;579.4;5;10336910092;B
20240513;100308;579.4;1;10336910373;B
20240513;100309;579.35;3;10336910424;S
20240513;100309;579.4;1;10336910538;B
20240513;100309;579.4;4;10336910554;B
20240513;100309;579.4;25;10336910568;B
20240513;100309;579.4;32;10336910574;B
20240513;100310;579.35;1;10336910662;S
20240513;100310;579.4;5;10336910700;B
20240513;100310;579.35;10;10336910704;S
20240513;100310;579.4;10;10336910782;B
20240513;100311;579.4;2;10336910819;B
20240513;100311;579.4;1;10336910827;B
20240513;100311;579.35;3;10336910866;S
20240513;100312;579.4;20;10336911122;B
20240513;100312;579.4;1;10336911126;B
20240513;100312;579.4;2;10336911135;B
20240513;100313;579.4;50;10336911410;B
20240513;100314;579.35;26;10336911415;S
20240513;100314;579.4;10;10336911454;B
20240513;100315;579.4;2;10336911856;B
20240513;100315;579.4;100;10336911981;B
20240513;100316;579.4;10;10336912005;B
20240513;100316;579.35;6;10336912179;S
20240513;100316;579.35;1;10336912180;S
20240513;100316;579.35;173;10336912181;S
20240513;100316;579.35;4;10336912182;S
20240513;100316;579.35;100;10336912183;S
20240513;100316;579.35;24;10336912184;S
20240513;100316;579.4;20;10336912240;B
20240513;100316;579.4;10;10336912241;B
20240513;100316;579.4;2;10336912268;B
20240513;100316;579.4;18;10336912275;B
20240513;100317;579.4;1;10336912377;B
20240513;100317;579.35;1;10336912392;S
20240513;100317;579.4;10;10336912400;B
20240513;100317;579.4;100;10336912563;B
20240513;100318;579.4;10;10336912601;B
20240513;100318;579.4;436;10336912607;B
20240513;100318;579.4;40;10336912616;B
20240513;100319;579.4;2;10336912951;B
20240513;100319;579.4;300;10336912993;B
20240513;100319;579.4;40;10336913000;B
20240513;100319;579.4;10;10336913044;B
20240513;100320;579.35;5;10336913252;S
20240513;100320;579.4;133;10336913278;B
20240513;100321;579.4;20;10336913350;B
20240513;100321;579.4;10;10336913365;B
20240513;100321;579.4;71;10336913370;B
20240513;100322;579.4;30;10336913571;B
20240513;100322;579.4;10;10336913589;B
20240513;100322;579.35;20;10336913670;S
20240513;100322;579.35;130;10336913671;S
20240513;100322;579.4;2;10336913694;B
20240513;100322;579.4;10;10336913705;B
20240513;100323;579.4;1;10336913887;B
20240513;100323;579.4;10;10336913946;B
20240513;100323;579.4;10;10336913973;B
20240513;100324;579.35;54;10336914261;S
20240513;100324;579.35;15;10336914265;S
20240513;100325;579.4;10;10336914314;B
20240513;100325;579.35;5;10336914429;S
20240513;100327;579.4;6;10336914937;B
20240513;100327;579.4;10;10336915008;B
20240513;100328;579.35;87;10336915153;S
20240513;100328;579.4;1;10336915195;B
20240513;100329;579.4;7;10336915350;B
20240513;100329;579.4;10;10336915363;B
20240513;100329;579.4;2;10336915433;B
20240513;100330;579.4;1;10336915638;B
20240513;100330;579.35;8;10336915659;S
20240513;100330;579.35;20;10336915660;S
20240513;100330;579.35;143;10336915661;S
20240513;100330;579.4;20;10336915698;B
20240513;100330;579.4;10;10336915743;B
20240513;100331;579.4;15;10336915802;B
20240513;100331;579.4;2;10336915827;B
20240513;100332;579.4;1;10336916044;B
20240513;100332;579.4;130;10336916118;B
20240513;100332;579.4;8;10336916119;B
20240513;100332;579.4;362;10336916120;B
20240513;100332;579.4;10;10336916125;B
20240513;100332;579.4;40;10336916128;B
20240513;100333;579.4;38;10336916537;B
20240513;100333;579.4;4;10336916538;B
20240513;100333;579.4;4;10336916539;B
20240513;100333;579.4;254;10336916540;B
20240513;100333;579.4;10;10336916580;B
20240513;100333;579.4;30;10336916581;B
20240513;100333;579.4;10;10336916611;B
20240513;100334;579.4;6;10336916654;B
20240513;100334;579.4;2;10336916940;B
20240513;100334;579.4;1;10336917028;B
20240513;100334;579.4;10;10336917086;B
20240513;100336;579.4;1000;10336917408;B
20240513;100336;579.4;100;10336917438;B
20240513;100336;579.4;10;10336917455;B
20240513;100337;579.4;1;10336917908;B
20240513;100338;579.4;30;10336917940;B
20240513;100339;579.35;29;10336918106;S
20240513;100339;579.35;4;10336918107;S
20240513;100339;579.35;2;10336918108;S
20240513;100339;579.35;10;10336918109;S
20240513;100339;579.35;55;10336918110;S
20240513;100339;579.4;10;10336918130;B
20240513;100339;579.4;10;10336918168;B
20240513;100339;579.4;50;10336918271;B
20240513;100340;579.4;3;10336918441;B
20240513;100341;579.35;1;10336918507;S
20240513;100341;579.35;16;10336918508;S
20240513;100342;579.35;11;10336918703;S
20240513;100342;579.35;5;10336918706;S
20240513;100342;579.4;10;10336918718;B
20240513;100342;579.4;3000;10336918792;B
20240513;100342;579.4;300;10336918823;B
20240513;100342;579.4;30;10336918839;B
20240513;100343;579.35;2;10336919072;S
20240513;100344;579.4;10;10336919142;B
20240513;100346;579.4;1;10336919487;B
20240513;100346;579.4;1;10336919590;B
20240513;100349;579.4;1;10336920130;B
20240513;100349;579.4;1;10336920135;B
20240513;100350;579.4;5;10336920212;B
20240513;100350;579.4;63;10336920354;B
20240513;100350;579.4;10;10336920375;B
20240513;100352;579.35;79;10336920797;S
20240513;100352;579.35;2;10336920800;S
20240513;100352;579.4;10;10336920829;B
20240513;100354;579.4;3;10336921294;B
20240513;100356;579.35;1;10336921606;S
20240513;100356;579.35;2;10336921607;S
20240513;100356;579.4;2;10336921626;B
20240513;100357;579.35;1;10336921823;S
20240513;100357;579.35;1;10336921834;S
20240513;100358;579.4;2;10336922105;B
20240513;100358;579.4;500;10336922131;B
20240513;100358;579.4;96;10336922135;B
20240513;100358;579.4;80;10336922136;B
20240513;100359;579.4;50;10336922163;B
20240513;100359;579.4;10;10336922164;B
20240513;100359;579.4;10;10336922166;B
20240513;100359;579.4;80;10336922318;B
20240513;100359;579.4;10;10336922335;B
20240513;100400;579.4;5;10336922480;B
20240513;100401;579.4;5;10336922670;B
20240513;100401;579.4;5;10336922676;B
20240513;100401;579.4;50;10336922785;B
20240513;100401;579.4;1;10336922885;B
20240513;100401;579.4;10;10336922902;B
20240513;100401;579.35;40;10336922906;S
20240513;100402;579.4;6;10336923257;B
20240513;100402;579.35;1;10336923263;S
20240513;100403;579.4;10;10336923334;B
20240513;100403;579.4;1;10336923494;B
20240513;100404;579.4;2;10336923571;B
20240513;100405;579.4;30;10336923931;B
20240513;100406;579.35;4;10336924095;S
20240513;100407;579.35;4;10336924302;S
20240513;100408;579.4;2;10336924613;B
20240513;100408;579.4;15;10336924632;B
20240513;100408;579.4;1;10336924657;B
20240513;100409;579.35;3;10336924925;S
20240513;100409;579.4;10;10336924977;B
20240513;100410;579.4;12330;10336925031;B
20240513;100410;579.4;1;10336925032;B
20240513;100410;579.4;1;10336925033;B
20240513;100410;579.4;1240;10336925077;B
20240513;100410;579.4;120;10336925110;B
20240513;100410;579.4;10;10336925169;B
20240513;100411;579.4;3;10336925421;B
20240513;100411;579.4;32;10336925484;B
20240513;100411;579.4;10;10336925494;B
20240513;100412;579.4;100;10336925577;B
20240513;100412;579.4;10;10336925623;B
20240513;100413;579.35;1;10336925784;S
20240513;100413;579.35;50;10336925806;S
20240513;100414;579.4;5;10336925938;B
20240513;100415;579.4;2;10336926149;B
20240513;100415;579.35;3;10336926210;S
20240513;100415;579.4;10;10336926226;B
20240513;100417;579.4;1;10336926528;B
20240513;100417;579.4;32;10336926567;B
20240513;100417;579.4;45;10336926648;B
20240513;100417;579.35;1;10336926695;S
20240513;100418;579.4;100;10336926756;B
20240513;100418;579.4;20;10336926791;B
20240513;100418;579.4;10;10336926800;B
20240513;100418;579.35;1;10336926816;S
20240513;100418;579.4;10;10336926879;B
20240513;100420;579.4;30;10336927165;B
20240513;100420;579.35;1;10336927198;S
20240513;100421;579.4;100;10336927338;B
20240513;100421;579.4;10;10336927346;B
20240513;100421;579.4;5;10336927350;B
20240513;100421;579.35;2;10336927435;S
20240513;100421;579.4;1;10336927529;B
20240513;100422;579.4;102;10336927633;B
20240513;100422;579.4;20;10336927647;B
20240513;100422;579.4;10;10336927678;B
20240513;100422;579.4;2;10336927715;B
20240513;100422;579.4;605;10336927761;B
20240513;100422;579.4;1;10336927762;B
20240513;100422;579.4;9394;10336927763;B
20240513;100422;579.4;100;10336927766;B
20240513;100422;579.4;60;10336927775;B
20240513;100422;579.4;446;10336927776;B
20240513;100422;579.4;494;10336927777;B
20240513;100422;579.4;6;10336927780;B
20240513;100422;579.4;4;10336927781;B
20240513;100423;579.4;50;10336927829;B
20240513;100423;579.4;50;10336927830;B
20240513;100423;579.4;5;10336927861;B
20240513;100423;579.4;10;10336927866;B
20240513;100423;579.4;8;10336927876;B
20240513;100423;579.4;500;10336927928;B
20240513;100423;579.4;50;10336927931;B
20240513;100423;579.4;2;10336927997;B
20240513;100423;579.4;600;10336928002;B
20240513;100424;579.4;70;10336928011;B
20240513;100424;579.4;10;10336928023;B
20240513;100424;579.4;1;10336928115;B
20240513;100424;579.4;2;10336928169;B
20240513;100425;579.4;100;10336928197;B
20240513;100425;579.4;20;10336928223;B
20240513;100425;579.4;10;10336928245;B
20240513;100425;579.35;17;10336928254;S
20240513;100425;579.4;3;10336928276;B
20240513;100425;579.35;3;10336928351;S
20240513;100425;579.4;150;10336928365;B
20240513;100425;579.4;20;10336928392;B
20240513;100426;579.4;10;10336928428;B
20240513;100426;579.4;1;10336928593;B
20240513;100426;579.4;150;10336928609;B
20240513;100426;579.4;20;10336928611;B
20240513;100426;579.4;10;10336928647;B
20240513;100426;579.35;9;10336928670;S
20240513;100427;579.4;10;10336928700;B
20240513;100427;579.35;3;10336928849;S
20240513;100427;579.4;29;10336928852;B
20240513;100427;579.4;222;10336928877;B
20240513;100427;579.4;1;10336928883;B
20240513;100427;579.4;20;10336928891;B
20240513;100428;579.4;222;10336928974;B
20240513;100428;579.4;20;10336928980;B
20240513;100428;579.4;30;10336928995;B
20240513;100428;579.4;222;10336928997;B
20240513;100428;579.4;30;10336929018;B
20240513;100428;579.4;10;10336929053;B
20240513;100428;579.35;1;10336929093;S
20240513;100428;579.4;28;10336929120;B
20240513;100429;579.4;222;10336929179;B
20240513;100429;579.4;20;10336929227;B
20240513;100430;579.4;300;10336929474;B
20240513;100430;579.4;40;10336929527;B
20240513;100430;579.4;10;10336929543;B
20240513;100430;579.4;3;10336929579;B
20240513;100430;579.35;3;10336929582;S
20240513;100431;579.4;62;10336929711;B
20240513;100431;579.4;10;10336929728;B
20240513;100431;579.4;1;10336929754;B
20240513;100432;579.4;155;10336929875;B
20240513;100432;579.4;10;10336929895;B
20240513;100433;579.4;500;10336930172;B
20240513;100433;579.4;60;10336930241;B
20240513;100434;579.4;10;10336930291;B
20240513;100434;579.4;1;10336930295;B
20240513;100434;579.4;2;10336930318;B
20240513;100434;579.4;5;10336930383;B
20240513;100435;579.4;9998;10336930452;B
20240513;100435;579.4;2;10336930453;B
20240513;100435;579.4;4;10336930457;B
20240513;100435;579.4;1000;10336930478;B
20240513;100435;579.4;100;10336930534;B
20240513;100435;579.4;10;10336930555;B
20240513;100435;579.4;2;10336930559;B
20240513;100437;579.4;200;10336931190;B
20240513;100437;579.4;30;10336931212;B
20240513;100437;579.4;10;10336931257;B
20240513;100439;579.4;10;10336931530;B
20240513;100440;579.35;15;10336931715;S
20240513;100441;579.4;2;10336931940;B
20240513;100441;579.35;1;10336932004;S
20240513;100441;579.4;500;10336932018;B
20240513;100441;579.4;50;10336932030;B
20240513;100441;579.4;1;10336932034;B
20240513;100441;579.4;10;10336932081;B
20240513;100441;579.4;4814;10336932094;B
20240513;100441;579.4;30;10336932095;B
20240513;100441;579.4;711;10336932096;B
20240513;100441;579.4;480;10336932121;B
20240513;100441;579.4;70;10336932124;B
20240513;100442;579.4;50;10336932151;B
20240513;100442;579.4;10;10336932152;B
20240513;100442;579.35;10;10336932287;S
20240513;100442;579.35;10;10336932288;S
20240513;100442;579.4;1;10336932347;B
