<DATE>;<TIME>;<LAST>;<VOL>;<ID>;<OPER>
20240318;095949;584;3;9870236594;B
20240318;095949;584;2;9870236595;B
20240318;095949;584;1;9870236596;B
20240318;095949;584;4;9870236597;B
20240318;095949;584;3;9870236598;B
20240318;095949;584;1;9870236599;B
20240318;095949;584;1;9870236600;B
20240318;095949;584;2;9870236601;B
20240318;095949;584;5;9870236602;B
20240318;095949;584;1;9870236603;B
20240318;095949;584;2;9870236604;B
20240318;095949;584;9;9870236605;B
20240318;095949;584;1;9870236606;B
20240318;095949;584;1;9870236607;B
20240318;095949;584;1;9870236608;S
20240318;095949;584;1;9870236609;S
20240318;095949;584;9;9870236610;S
20240318;095949;584;106;9870236611;S
20240318;095949;584;4;9870236612;S
20240318;095949;584;6;9870236613;S
20240318;095949;584;1;9870236614;B
20240318;095949;584;2;9870236615;B
20240318;095949;584;10;9870236616;B
20240318;095949;584;3;9870236617;B
20240318;095949;584;46;9870236618;B
20240318;095949;584;1;9870236619;B
20240318;095949;584;3;9870236620;B
20240318;095949;584;3;9870236621;B
20240318;095949;584;2;9870236622;B
20240318;095949;584;1;9870236623;B
20240318;095949;584;2;9870236624;B
20240318;095949;584;2;9870236625;B
20240318;095949;584;1;9870236626;B
20240318;095949;584;29;9870236627;B
20240318;095949;584;21;9870236628;B
20240318;095949;584;1;9870236629;B
20240318;095949;584;2;9870236630;B
20240318;095949;584;2;9870236631;B
20240318;095949;584;7;9870236632;B
20240318;095949;584;30;9870236633;B
20240318;095949;584;1;9870236634;B
20240318;095949;584;16;9870236635;B
20240318;095949;584;5;9870236636;B
20240318;095949;584;1;9870236637;B
20240318;095949;584;13;9870236638;B
20240318;095949;584;1;9870236639;S
20240318;095949;584;5;9870236640;S
20240318;095949;584;2;9870236641;S
20240318;095949;584;3;9870236642;S
20240318;095949;584;2;9870236643;S
20240318;095949;584;2;9870236644;B
20240318;095949;584;53;9870236645;S
20240318;095949;584;8;9870236646;S
20240318;095949;584;1;9870236647;S
20240318;095949;584;1;9870236648;S
20240318;095949;584;5;9870236649;S
20240318;095949;584;26;9870236650;S
20240318;095949;584;19;9870236651;S
20240318;095949;584;2;9870236652;S
20240318;095949;584;14;9870236653;S
20240318;095949;584;1;9870236654;S
20240318;095949;584;2;9870236655;S
20240318;095949;584;5;9870236656;S
20240318;095949;584;2;9870236657;S
20240318;095949;584;1;9870236658;S
20240318;095949;584;1;9870236659;S
20240318;095949;584;2;9870236660;S
20240318;095949;584;1;9870236661;S
20240318;095949;584;2;9870236662;S
20240318;095949;584;1;9870236663;S
20240318;095949;584;2;9870236664;S
20240318;095949;584;2;9870236665;S
20240318;095949;584;2;9870236666;S
20240318;095949;584;2;9870236667;S
20240318;095949;584;2;9870236668;S
20240318;095949;584;1;9870236669;S
20240318;095949;584;5;9870236670;S
20240318;095949;584;3;9870236671;S
20240318;095949;584;2;9870236672;S
20240318;095949;584;2;9870236673;S
20240318;095949;584;2;9870236674;S
20240318;095949;584;26;9870236675;S
20240318;095949;584;324;9870236676;S
20240318;095949;584;1;9870236677;S
20240318;095949;584;5;9870236678;S
20240318;095949;584;39;9870236679;S
20240318;095949;584;2;9870236680;S
20240318;095949;584;79;9870236681;S
20240318;095949;584;1;9870236682;S
20240318;095949;584;2;9870236683;B
20240318;095949;584;85;9870236684;S
20240318;095949;584;52;9870236685;B
20240318;095949;584;2;9870236686;S
20240318;095949;584;2;9870236687;S
20240318;095949;584;2;9870236688;S
20240318;095949;584;2;9870236689;S
20240318;095949;584;4;9870236690;S
20240318;095949;584;6;9870236691;S
20240318;095949;584;2;9870236692;S
20240318;095949;584;163;9870236693;B
20240318;095949;584;200;9870236694;B
20240318;095949;584;33;9870236695;B
20240318;095949;584;1;9870236696;B
20240318;095949;584;7;9870236697;B
20240318;095949;584;65;9870236698;B
20240318;095949;584;2;9870236699;B
20240318;095949;584;8;9870236700;B
20240318;095949;584;8;9870236701;B
20240318;095949;584;50;9870236702;B
20240318;095949;584;2;9870236703;B
20240318;095949;584;2;9870236704;B
20240318;095949;584;1;9870236705;B
20240318;095949;584;34;9870236706;B
20240318;095949;584;2;9870236707;B
20240318;095949;584;3;9870236708;B
20240318;095949;584;5;9870236709;B
20240318;095949;584;1;9870236710;B
20240318;095949;584;5;9870236711;B
20240318;095949;584;1;9870236712;B
20240318;095949;584;1407;9870236713;B
20240318;095949;584;20;9870236714;S
20240318;095949;584;2;9870236715;B
20240318;095949;584;2;9870236716;S
20240318;095949;584;2;9870236717;S
20240318;095949;584;2;9870236718;S
20240318;095949;584;2;9870236719;S
20240318;095949;584;10;9870236720;S
20240318;095949;584;2;9870236721;S
20240318;095949;584;2;9870236722;S
20240318;095949;584;2;9870236723;S
20240318;095949;584;1;9870236724;S
20240318;095949;584;2;9870236725;S
20240318;095949;584;1;9870236726;S
20240318;095949;584;2;9870236727;S
20240318;095949;584;60;9870236728;S
20240318;095949;584;1;9870236729;S
20240318;095949;584;2;9870236730;S
20240318;095949;584;1;9870236731;S
20240318;095949;584;1;9870236732;S
20240318;095949;584;1;9870236733;S
20240318;095949;584;2;9870236734;S
20240318;095949;584;2;9870236735;S
20240318;095949;584;1;9870236736;S
20240318;095949;584;2;9870236737;S
20240318;095949;584;1;9870236738;S
20240318;095949;584;2;9870236739;S
20240318;095949;584;2;9870236740;S
20240318;095949;584;1;9870236741;S
20240318;095949;584;2;9870236742;S
20240318;095949;584;1;9870236743;S
20240318;095949;584;1;9870236744;S
20240318;095949;584;2;9870236745;S
20240318;095949;584;5;9870236746;S
20240318;095949;584;2;9870236747;S
20240318;095949;584;3;9870236748;S
20240318;095949;584;1;9870236749;S
20240318;095949;584;2;9870236750;S
20240318;095949;584;1;9870236751;S
20240318;095949;584;10;9870236752;S
20240318;095949;584;1;9870236753;S
20240318;095949;584;2;9870236754;S
20240318;095949;584;1;9870236755;S
20240318;095949;584;1;9870236756;S
20240318;095949;584;1;9870236757;S
20240318;095949;584;1;9870236758;S
20240318;095949;584;1;9870236759;S
20240318;095949;584;10;9870236760;S
20240318;095949;584;1;9870236761;S
20240318;095949;584;1;9870236762;S
20240318;095949;584;1;9870236763;S
20240318;095949;584;2;9870236764;S
20240318;095949;584;2;9870236765;S
20240318;095949;584;4;9870236766;S
20240318;095949;584;2;9870236767;S
20240318;095949;584;2;9870236768;S
20240318;095949;584;1;9870236769;S
20240318;095949;584;1;9870236770;S
20240318;095949;584;1;9870236771;S
20240318;095949;584;2;9870236772;S
20240318;095949;584;1;9870236773;S
20240318;095949;584;1;9870236774;S
20240318;095949;584;1;9870236775;S
20240318;095949;584;2;9870236776;S
20240318;095949;584;1;9870236777;S
20240318;095949;584;2;9870236778;S
20240318;095949;584;2;9870236779;S
20240318;095949;584;1;9870236780;S
20240318;095949;584;1;9870236781;S
20240318;095949;584;2;9870236782;S
20240318;095949;584;1;9870236783;S
20240318;095949;584;2;9870236784;S
20240318;095949;584;1;9870236785;S
20240318;095949;584;2;9870236786;S
20240318;095949;584;2;9870236787;S
20240318;095949;584;1;9870236788;S
20240318;095949;584;2;9870236789;S
20240318;095949;584;2;9870236790;S
20240318;095949;584;2;9870236791;S
20240318;095949;584;50;9870236792;S
20240318;095949;584;1;9870236793;S
20240318;095949;584;3;9870236794;S
20240318;095949;584;1;9870236795;S
20240318;095949;584;1;9870236796;S
20240318;095949;584;2;9870236797;S
20240318;095949;584;15;9870236798;S
20240318;095949;584;1;9870236799;S
20240318;095949;584;2;9870236800;S
20240318;095949;584;2;9870236801;S
20240318;095949;584;2;9870236802;S
20240318;095949;584;3;9870236803;S
20240318;095949;584;1;9870236804;S
20240318;095949;584;2;9870236805;S
20240318;095949;584;2;9870236806;S
20240318;095949;584;1;9870236807;S
20240318;095949;584;1;9870236808;S
20240318;095949;584;20;9870236809;S
20240318;095949;584;2;9870236810;S
20240318;095949;584;2;9870236811;S
20240318;095949;584;1;9870236812;S
20240318;095949;584;2;9870236813;S
20240318;095949;584;1;9870236814;S
20240318;095949;584;1;9870236815;S
20240318;095949;584;1;9870236816;S
20240318;095949;584;2;9870236817;S
20240318;095949;584;1;9870236818;S
20240318;095949;584;1;9870236819;S
20240318;095949;584;2;9870236820;S
20240318;095949;584;1;9870236821;S
20240318;095949;584;1;9870236822;S
20240318;095949;584;1;9870236823;S
20240318;095949;584;4;9870236824;S
20240318;095949;584;1;9870236825;S
20240318;095949;584;1;9870236826;S
20240318;095949;584;2;9870236827;S
20240318;095949;584;1;9870236828;S
20240318;095949;584;1;9870236829;S
20240318;095949;584;1;9870236830;S
20240318;095949;584;2;9870236831;S
20240318;095949;584;17;9870236832;S
20240318;095949;584;2;9870236833;S
20240318;095949;584;3;9870236834;S
20240318;095949;584;1;9870236835;S
20240318;095949;584;2;9870236836;S
20240318;095949;584;1;9870236837;S
20240318;095949;584;7;9870236838;S
20240318;095949;584;2;9870236839;S
20240318;095949;584;1;9870236840;S
20240318;095949;584;2;9870236841;S
20240318;095949;584;1;9870236842;S
20240318;095949;584;2;9870236843;S
20240318;095949;584;2;9870236844;S
20240318;095949;584;2;9870236845;S
20240318;095949;584;1;9870236846;S
20240318;095949;584;17;9870236847;S
20240318;095949;584;2;9870236848;S
20240318;095949;584;1;9870236849;S
20240318;095949;584;1;9870236850;S
20240318;095949;584;2;9870236851;S
20240318;095949;584;1;9870236852;S
20240318;095949;584;2;9870236853;S
20240318;095949;584;2;9870236854;S
20240318;095949;584;1;9870236855;S
20240318;095949;584;1;9870236856;S
20240318;095949;584;1;9870236857;S
20240318;095949;584;2;9870236858;S
20240318;095949;584;1;9870236859;S
20240318;095949;584;8;9870236860;S
20240318;095949;584;1;9870236861;S
20240318;095949;584;2;9870236862;S
20240318;095949;584;1;9870236863;S
20240318;095949;584;1;9870236864;S
20240318;095949;584;1;9870236865;S
20240318;095949;584;2;9870236866;S
20240318;095949;584;1;9870236867;S
20240318;095949;584;34;9870236868;S
20240318;095949;584;2;9870236869;S
20240318;095949;584;1;9870236870;S
20240318;095949;584;2;9870236871;S
20240318;095949;584;1;9870236872;S
20240318;095949;584;1;9870236873;S
20240318;095949;584;2;9870236874;S
20240318;095949;584;2;9870236875;S
20240318;095949;584;1;9870236876;S
20240318;095949;584;2;9870236877;S
20240318;095949;584;1;9870236878;S
20240318;095949;584;10;9870236879;S
20240318;095949;584;1;9870236880;S
20240318;095949;584;1;9870236881;S
20240318;095949;584;2;9870236882;S
20240318;095949;584;3;9870236883;S
20240318;095949;584;2;9870236884;S
20240318;095949;584;1;9870236885;S
20240318;095949;584;3;9870236886;S
20240318;095949;584;1;9870236887;S
20240318;095949;584;1;9870236888;S
20240318;095949;584;2;9870236889;S
20240318;095949;584;1;9870236890;S
20240318;095949;584;2;9870236891;S
20240318;095949;584;2;9870236892;S
20240318;095949;584;1;9870236893;S
20240318;095949;584;1;9870236894;S
20240318;095949;584;2;9870236895;S
20240318;095949;584;1;9870236896;S
20240318;095949;584;1;9870236897;S
20240318;095949;584;2;9870236898;S
20240318;095949;584;2;9870236899;S
20240318;095949;584;1;9870236900;S
20240318;095949;584;1;9870236901;S
20240318;095949;584;2;9870236902;S
20240318;095949;584;1;9870236903;S
20240318;095949;584;1;9870236904;S
20240318;095949;584;5;9870236905;S
20240318;095949;584;1;9870236906;S
20240318;095949;584;2;9870236907;S
20240318;095949;584;5;9870236908;S
20240318;095949;584;3;9870236909;S
20240318;095949;584;1;9870236910;S
20240318;095949;584;1;9870236911;S
20240318;095949;584;2;9870236912;S
20240318;095949;584;2;9870236913;S
20240318;095949;584;5;9870236914;S
20240318;095949;584;2;9870236915;S
20240318;095949;584;8;9870236916;B
20240318;095949;584;1;9870236917;B
20240318;095949;584;5;9870236918;B
20240318;095949;584;3;9870236919;B
20240318;095949;584;3;9870236920;B
20240318;095949;584;2;9870236921;B
20240318;095949;584;1;9870236922;B
20240318;095949;584;2;9870236923;B
20240318;095949;584;2;9870236924;B
20240318;095949;584;20;9870236925;B
20240318;095949;584;18;9870236926;B
20240318;095949;584;13;9870236927;B
20240318;095949;584;40;9870236928;B
20240318;095949;584;30;9870236929;B
20240318;095949;584;1;9870236930;B
20240318;095949;584;2;9870236931;B
20240318;095949;584;10;9870236932;B
20240318;095949;584;4;9870236933;B
20240318;095949;584;2;9870236934;B
20240318;095949;584;5;9870236935;B
20240318;095949;584;35;9870236936;B
20240318;095949;584;3;9870236937;B
20240318;095949;584;3;9870236938;B
20240318;095949;584;1;9870236939;S
20240318;095949;584;5;9870236940;S
20240318;095949;584;1;9870236941;S
20240318;095949;584;2;9870236942;S
20240318;095949;584;1;9870236943;S
20240318;095949;584;1;9870236944;S
20240318;095949;584;1;9870236945;S
20240318;095949;584;5;9870236946;S
20240318;095949;584;50;9870236947;S
20240318;095949;584;2;9870236948;S
20240318;095949;584;2;9870236949;S
20240318;095949;584;1;9870236950;S
20240318;095949;584;3;9870236951;S
20240318;095949;584;4;9870236952;S
20240318;095949;584;2;9870236953;S
20240318;095949;584;1;9870236954;S
20240318;095949;584;2;9870236955;S
20240318;095949;584;2;9870236956;S
20240318;095949;584;1;9870236957;S
20240318;095949;584;2;9870236958;B
20240318;095949;584;1;9870236959;B
20240318;095949;584;1;9870236960;B
20240318;095949;584;2;9870236961;B
20240318;095949;584;2;9870236962;B
20240318;095949;584;2;9870236963;B
20240318;095949;584;17;9870236964;B
20240318;095949;584;2;9870236965;B
20240318;095949;584;2;9870236966;B
20240318;095949;584;15;9870236967;B
20240318;095949;584;400;9870236968;B
20240318;095949;584;2222;9870236969;B
20240318;095949;584;1;9870236970;S
20240318;095949;584;1;9870236971;S
20240318;095949;584;2;9870236972;S
20240318;095949;584;1;9870236973;S
20240318;095949;584;17;9870236974;S
20240318;095949;584;3;9870236975;S
20240318;095949;584;8;9870236976;S
20240318;095949;584;4;9870236977;S
20240318;095949;584;2;9870236978;S
20240318;095949;584;10;9870236979;S
20240318;095949;584;42;9870236980;S
20240318;095949;584;2;9870236981;S
20240318;095949;584;7;9870236982;S
20240318;095949;584;3;9870236983;S
20240318;095949;584;1;9870236984;S
20240318;095949;584;5;9870236985;B
20240318;095949;584;1;9870236986;B
20240318;095949;584;3;9870236987;B
20240318;095949;584;1;9870236988;B
20240318;095949;584;10;9870236989;B
20240318;095949;584;100;9870236990;B
20240318;095949;584;1;9870236991;B
20240318;095949;584;200;9870236992;B
20240318;095949;584;19;9870236993;B
20240318;100000;584;500;9870240845;B
20240318;100000;584;300;9870240846;B
20240318;100000;584;500;9870240876;B
20240318;100000;584;139;9870241394;B
20240318;100000;584;54;9870241395;B
20240318;100000;584;300;9870241436;B
20240318;100000;584;1;9870241522;B
20240318;100000;584;1;9870241523;B
20240318;100000;584;1;9870241544;B
20240318;100000;584;2;9870241545;B
20240318;100000;584;976;9870241546;B
20240318;100000;584;2;9870241547;B
20240318;100000;584;7;9870241548;B
20240318;100000;584;3;9870241549;B
20240318;100000;584;3;9870241550;B
20240318;100000;584;3;9870241551;B
20240318;100000;584;100;9870241552;B
20240318;100000;584;20;9870241553;B
20240318;100000;584;1;9870241554;B
20240318;100000;583.95;100;9870241555;S
20240318;100000;583.9;130;9870241556;S
20240318;100000;584.1;1;9870241611;B
20240318;100000;584.1;6;9870241612;B
20240318;100000;584.1;4;9870241640;B
20240318;100000;584.1;1;9870241641;B
20240318;100000;584.05;4;9870242015;S
20240318;100000;584.15;100;9870242252;B
20240318;100000;584.15;11;9870242253;B
20240318;100000;584.15;91;9870242254;B
20240318;100000;584.15;898;9870242255;B
20240318;100000;584.2;1;9870242265;B
20240318;100000;584.2;2;9870242266;B
20240318;100000;584.2;1;9870242267;B
20240318;100000;584.2;1;9870242268;B
20240318;100000;584.2;2;9870242269;B
20240318;100000;584.2;1;9870242270;B
20240318;100000;584.2;2;9870242271;B
20240318;100000;584.2;1;9870242272;B
20240318;100000;584.2;1;9870242273;B
20240318;100000;584.2;1;9870242274;B
20240318;100000;584.2;2;9870242275;B
20240318;100000;584.2;2;9870242276;B
20240318;100000;584.2;2;9870242277;B
20240318;100000;584.2;1;9870242278;B
20240318;100000;584.2;1;9870242279;B
20240318;100000;584.2;2;9870242280;B
20240318;100000;584.2;1;9870242281;B
20240318;100000;584.2;2;9870242282;B
20240318;100000;584.2;9;9870242283;B
20240318;100000;584.2;1;9870242284;B
20240318;100000;584.2;2;9870242285;B
20240318;100000;584.2;1;9870242286;B
20240318;100000;584.2;1;9870242287;B
20240318;100000;584.2;1;9870242288;B
20240318;100000;584.2;1;9870242289;B
20240318;100000;584.2;2;9870242290;B
20240318;100000;584.2;2;9870242291;B
20240318;100000;584.2;2;9870242292;B
20240318;100000;584.2;1;9870242293;B
20240318;100000;584.2;4;9870242294;B
20240318;100000;584.2;10;9870242295;B
20240318;100000;584.2;1;9870242296;B
20240318;100000;584.2;1;9870242297;B
20240318;100000;584.2;2;9870242298;B
20240318;100000;584.2;1;9870242299;B
20240318;100000;584.2;2;9870242300;B
20240318;100000;584.2;2;9870242301;B
20240318;100000;584.2;1;9870242302;B
20240318;100000;584.2;1;9870242303;B
20240318;100000;584.2;1;9870242304;B
20240318;100000;584.2;1;9870242305;B
20240318;100000;584.2;2;9870242306;B
20240318;100000;584.2;1;9870242307;B
20240318;100000;584.2;2;9870242308;B
20240318;100000;584.2;2;9870242309;B
20240318;100000;584.2;1;9870242310;B
20240318;100000;584.2;2;9870242311;B
20240318;100000;584.2;2;9870242312;B
20240318;100000;584.2;2;9870242313;B
20240318;100000;584.2;2;9870242314;B
20240318;100000;584.2;6;9870242315;B
20240318;100000;584.2;19;9870242316;B
20240318;100000;584.2;1;9870242317;B
20240318;100000;584.2;2;9870242318;B
20240318;100000;584.2;1;9870242319;B
20240318;100000;584.2;2;9870242320;B
20240318;100000;584.2;3;9870242321;B
20240318;100000;584.2;2;9870242322;B
20240318;100000;584.2;2;9870242323;B
20240318;100000;584.2;2;9870242324;B
20240318;100000;584.2;2;9870242325;B
20240318;100000;584.2;2;9870242326;B
20240318;100000;584.2;2;9870242327;B
20240318;100000;584.2;4;9870242328;B
20240318;100000;584.2;2;9870242329;B
20240318;100000;584.2;2;9870242330;B
20240318;100000;584.2;2;9870242331;B
20240318;100000;584.2;2;9870242332;B
20240318;100000;584.2;1;9870242333;B
20240318;100000;584.2;1;9870242334;B
20240318;100000;584.2;1;9870242335;B
20240318;100000;584.2;1;9870242336;B
20240318;100000;584.2;1;9870242337;B
20240318;100000;584.2;2;9870242338;B
20240318;100000;584.2;2;9870242339;B
20240318;100000;584.2;2;9870242340;B
20240318;100000;584.2;1;9870242341;B
20240318;100000;584.2;2;9870242342;B
20240318;100000;584.2;1;9870242343;B
20240318;100000;584.2;2;9870242344;B
20240318;100000;584.2;2;9870242345;B
20240318;100000;584.2;2;9870242346;B
20240318;100000;584.2;2;9870242347;B
20240318;100000;584.2;8;9870242348;B
20240318;100000;584.2;2;9870242349;B
20240318;100000;584.2;12;9870242350;B
20240318;100000;584.2;1;9870242351;B
20240318;100000;584.2;2;9870242352;B
20240318;100000;584.2;2;9870242353;B
20240318;100000;584.2;21;9870242354;B
20240318;100000;584.2;2;9870242355;B
20240318;100000;584.2;2;9870242356;B
20240318;100000;584.2;1;9870242357;B
20240318;100000;584.2;2;9870242358;B
20240318;100000;584.2;1;9870242359;B
20240318;100000;584.2;3;9870242360;B
20240318;100000;584.2;1;9870242361;B
20240318;100000;584.2;1;9870242362;B
20240318;100000;584.2;2;9870242363;B
20240318;100000;584.2;2;9870242364;B
20240318;100000;584.2;2;9870242365;B
20240318;100000;584.2;2;9870242366;B
20240318;100000;584.2;2;9870242367;B
20240318;100000;584.2;2;9870242368;B
20240318;100000;584.2;3;9870242369;B
20240318;100000;584.2;2;9870242370;B
20240318;100000;584.2;1;9870242371;B
20240318;100000;584.2;2;9870242372;B
20240318;100000;584.2;2;9870242373;B
20240318;100000;584.2;1;9870242374;B
20240318;100000;584.2;2;9870242375;B
20240318;100000;584.2;1;9870242376;B
20240318;100000;584.2;2;9870242377;B
20240318;100000;584.2;1;9870242378;B
20240318;100000;584.2;2;9870242379;B
20240318;100000;584.2;1;9870242380;B
20240318;100000;584.2;2;9870242381;B
20240318;100000;584.2;2;9870242382;B
20240318;100000;584.2;31;9870242383;B
20240318;100000;584.2;2;9870242384;B
20240318;100000;584.2;1;9870242385;B
20240318;100000;584.2;1;9870242386;B
20240318;100000;584.2;2;9870242387;B
20240318;100000;584.2;2;9870242388;B
20240318;100000;584.2;2;9870242389;B
20240318;100000;584.2;1;9870242390;B
20240318;100000;584.2;1;9870242391;B
20240318;100000;584.2;2;9870242392;B
20240318;100000;584.2;1;9870242393;B
20240318;100000;584.2;1;9870242394;B
20240318;100000;584.2;2;9870242395;B
20240318;100000;584.2;7;9870242396;B
20240318;100000;584.2;2;9870242397;B
20240318;100000;584.2;2;9870242398;B
20240318;100000;584.2;1;9870242399;B
20240318;100000;584.2;1;9870242400;B
20240318;100000;584.2;2;9870242401;B
20240318;100000;584.2;2;9870242402;B
20240318;100000;584.2;2;9870242403;B
20240318;100000;584.2;2;9870242404;B
20240318;100000;584.2;2;9870242405;B
20240318;100000;584.2;2;9870242406;B
20240318;100000;584.2;1;9870242407;B
20240318;100000;584.2;1;9870242408;B
20240318;100000;584.2;2;9870242409;B
20240318;100000;584.2;1;9870242410;B
20240318;100000;584.2;1;9870242411;B
20240318;100000;584.2;2;9870242412;B
20240318;100000;584.2;1;9870242413;B
20240318;100000;584.2;1;9870242414;B
20240318;100000;584.2;2;9870242415;B
20240318;100000;584.2;1;9870242416;B
20240318;100000;584.2;2;9870242417;B
20240318;100000;584.2;2;9870242418;B
20240318;100000;584.2;2;9870242419;B
20240318;100000;584.2;1;9870242420;B
20240318;100000;584.2;2;9870242421;B
20240318;100000;584.2;2;9870242422;B
20240318;100000;584.2;2;9870242423;B
20240318;100000;584.2;2;9870242424;B
20240318;100000;584.2;2;9870242425;B
20240318;100000;584.2;2;9870242426;B
20240318;100000;584.2;1;9870242427;B
20240318;100000;584.2;2;9870242428;B
20240318;100000;584.2;1;9870242429;B
20240318;100000;584.2;2;9870242430;B
20240318;100000;584.2;1;9870242431;B
20240318;100000;584.2;2;9870242432;B
20240318;100000;584.2;2;9870242433;B
20240318;100000;584.2;2;9870242434;B
20240318;100000;584.2;1;9870242435;B
20240318;100000;584.2;2;9870242436;B
20240318;100000;584.2;2;9870242437;B
20240318;100000;584.2;2;9870242438;B
20240318;100000;584.2;1;9870242439;B
20240318;100000;584.2;2;9870242440;B
20240318;100000;584.2;2;9870242441;B
20240318;100000;584.2;1;9870242442;B
20240318;100000;584.2;2;9870242443;B
20240318;100000;584.2;2;9870242444;B
20240318;100000;584.2;2;9870242445;B
20240318;100000;584.2;2;9870242446;B
20240318;100000;584.2;19;9870242447;B
20240318;100000;584.2;2;9870242448;B
20240318;100000;584.2;1;9870242449;B
20240318;100000;584.2;2;9870242450;B
20240318;100000;584.2;2;9870242451;B
20240318;100000;584.2;2;9870242452;B
20240318;100000;584.2;2;9870242453;B
20240318;100000;584.2;2;9870242454;B
20240318;100000;584.2;2;9870242455;B
20240318;100000;584.2;1;9870242456;B
20240318;100000;584.2;2;9870242457;B
20240318;100000;584.2;1;9870242458;B
20240318;100000;584.2;2;9870242459;B
20240318;100000;584.2;1;9870242460;B
20240318;100000;584.2;1;9870242461;B
20240318;100000;584.2;2;9870242462;B
20240318;100000;584.2;1;9870242463;B
20240318;100000;584.2;1;9870242464;B
20240318;100000;584.2;2;9870242465;B
20240318;100000;584.2;1;9870242466;B
20240318;100000;584.2;2;9870242467;B
20240318;100000;584.2;2;9870242468;B
20240318;100000;584.2;2;9870242469;B
20240318;100000;584.2;1;9870242470;B
20240318;100000;584.2;2;9870242471;B
20240318;100000;584.2;2;9870242472;B
20240318;100000;584.2;1;9870242473;B
20240318;100000;584.2;2;9870242474;B
20240318;100000;584.2;25;9870242475;B
20240318;100000;584.2;2;9870242476;B
20240318;100000;584.2;2;9870242477;B
20240318;100000;584.2;2;9870242478;B
20240318;100000;584.2;1;9870242479;B
20240318;100000;584.2;2;9870242480;B
20240318;100000;584.2;2;9870242481;B
20240318;100000;584.2;1;9870242482;B
20240318;100000;584.2;2;9870242483;B
20240318;100000;584.2;20;9870242484;B
20240318;100000;584.2;2;9870242485;B
20240318;100000;584.2;1;9870242486;B
20240318;100000;584.2;1;9870242487;B
20240318;100000;584.2;2;9870242488;B
20240318;100000;584.2;1;9870242489;B
20240318;100000;584.2;1;9870242490;B
20240318;100000;584.2;1;9870242491;B
20240318;100000;584.2;57;9870242492;B
20240318;100000;584.2;4;9870242493;B
20240318;100000;584.2;2;9870242494;B
20240318;100000;584.2;2;9870242495;B
20240318;100000;584.2;1;9870242496;B
20240318;100000;584.2;5;9870242497;B
20240318;100000;584.2;1;9870242498;B
20240318;100000;584.2;3;9870242499;B
20240318;100000;584.2;1;9870242500;B
20240318;100000;584.2;25;9870242501;B
20240318;100000;584.2;2;9870242502;B
20240318;100000;584.2;5;9870242503;B
20240318;100000;584.2;10;9870242504;B
20240318;100000;584.2;3;9870242505;B
20240318;100000;584.2;3;9870242506;B
20240318;100000;584.2;1;9870242507;B
20240318;100000;584.2;1000;9870242508;B
20240318;100000;584.2;4;9870242509;B
20240318;100000;584.2;2;9870242510;B
20240318;100000;584.2;31;9870242511;B
20240318;100000;584.2;10;9870242512;B
20240318;100000;584.2;3;9870242513;B
20240318;100000;584.2;2;9870242514;B
20240318;100001;584.25;2;9870242526;B
20240318;100001;584.25;2;9870242527;B
20240318;100001;584.25;3;9870242528;B
20240318;100001;584.25;2;9870242529;B
20240318;100001;584.25;2;9870242530;B
20240318;100001;584.25;2;9870242531;B
20240318;100001;584.25;2;9870242532;B
20240318;100001;584.25;1;9870242533;B
20240318;100001;584.25;1;9870242534;B
20240318;100001;584.25;1;9870242535;B
20240318;100001;584.25;2;9870242536;B
20240318;100001;584.25;2;9870242537;B
20240318;100001;584.25;2;9870242538;B
20240318;100001;584.25;1;9870242539;B
20240318;100001;584.25;1;9870242540;B
20240318;100001;584.25;2;9870242541;B
20240318;100001;584.25;2;9870242542;B
20240318;100001;584.3;2;9870242588;B
20240318;100001;584.3;2;9870242589;B
20240318;100001;584.3;2;9870242590;B
20240318;100001;584.3;2;9870242591;B
20240318;100001;584.3;1;9870242592;B
20240318;100001;584.3;2;9870242593;B
20240318;100001;584.3;2;9870242594;B
20240318;100001;584.3;2;9870242595;B
20240318;100001;584.3;2;9870242596;B
20240318;100001;584.15;1;9870242601;S
20240318;100001;584.35;2;9870242606;B
20240318;100001;584.4;4;9870242687;B
20240318;100001;584.45;60;9870242688;B
20240318;100001;584.5;50;9870242732;B
20240318;100001;584.5;186;9870242733;B
20240318;100001;584.5;114;9870242734;B
20240318;100001;584.5;165;9870242735;B
20240318;100001;584.5;135;9870242736;B
20240318;100001;584.6;10;9870242781;B
20240318;100001;584.55;51;9870242979;B
20240318;100001;584.55;249;9870242980;B
20240318;100001;584.6;7;9870243169;S
20240318;100001;584.8;55;9870243213;B
20240318;100001;584.6;78;9870243227;S
20240318;100001;584.55;22;9870243228;S
20240318;100001;584.95;15;9870243355;B
20240318;100001;585;1;9870243439;B
20240318;100001;585;10;9870243440;B
20240318;100001;585;3;9870243441;B
20240318;100001;585;45;9870243442;B
20240318;100001;585;10;9870243443;B
20240318;100001;585;5;9870243444;B
20240318;100001;585;3;9870243445;B
20240318;100001;585;85;9870243446;B
20240318;100001;585;3;9870243447;B
20240318;100001;585;5;9870243448;B
20240318;100001;585;65;9870243466;S
20240318;100001;584.95;5;9870243496;B
20240318;100001;585.2;1;9870243501;B
20240318;100001;585.2;5;9870243782;S
20240318;100001;584.95;45;9870243783;S
20240318;100001;585.35;10;9870244028;B
20240318;100001;585.35;35;9870244036;B
20240318;100001;585.4;13;9870244037;B
20240318;100001;585.4;152;9870244038;B
20240318;100001;585.4;100;9870244040;B
20240318;100001;585.4;100;9870244186;S
20240318;100002;585.05;2;9870244206;S
20240318;100002;585.5;170;9870244484;B
20240318;100002;585.5;2;9870244485;B
20240318;100002;585.5;278;9870244486;B
20240318;100002;585.5;162;9870244522;B
20240318;100002;585.55;2;9870244523;B
20240318;100002;585.55;286;9870244524;B
20240318;100002;585.55;56;9870244567;B
20240318;100002;585.55;2;9870244568;B
20240318;100002;585.6;2;9870244569;B
20240318;100002;585.6;3;9870244570;B
20240318;100002;585.6;13;9870244571;B
20240318;100002;585.65;6;9870244572;B
20240318;100002;585.65;2;9870244573;B
20240318;100002;585.7;2;9870244574;B
20240318;100002;585.7;10;9870244575;B
20240318;100002;585.7;1;9870244626;S
20240318;100002;585.7;100;9870244652;S
20240318;100002;585.7;229;9870244653;S
20240318;100002;585.4;69;9870244654;S
20240318;100002;585.35;2;9870244675;S
20240318;100002;585.15;2;9870244829;S
20240318;100002;585.15;68;9870244830;S
20240318;100002;585.15;32;9870244964;B
20240318;100002;585.2;200;9870244990;B
20240318;100002;585.35;68;9870244991;B
20240318;100002;585.6;32;9870244992;B
20240318;100002;585.55;166;9870245413;S
20240318;100002;584.8;67;9870245420;B
20240318;100002;584.7;6;9870245421;S
20240318;100002;584.65;134;9870245423;S
20240318;100002;584.65;300;9870245424;S
20240318;100002;584.65;80;9870245425;S
20240318;100002;584.2;20;9870245430;S
20240318;100003;585.3;10;9870245624;B
20240318;100003;585.35;70;9870245625;B
20240318;100003;584.6;17;9870245775;S
20240318;100003;584.6;1;9870246090;S
20240318;100003;584.6;1;9870246127;S
20240318;100004;584.95;1;9870246258;B
20240318;100004;585;2;9870246259;B
20240318;100004;585.25;17;9870246260;B
20240318;100004;584.6;3;9870246536;S
20240318;100004;584.6;100;9870246680;S
20240318;100004;584.6;36;9870246931;S
20240318;100004;585.3;33;9870247026;B
20240318;100005;584.6;7;9870247155;S
20240318;100005;584.6;36;9870247262;S
20240318;100005;584.6;4;9870247491;S
20240318;100005;584.8;1;9870247506;B
20240318;100005;584.6;2;9870247507;S
20240318;100005;584.8;1;9870247510;B
20240318;100005;584.6;2;9870247512;S
20240318;100005;584.6;1;9870247515;S
20240318;100005;584.6;2;9870247519;S
20240318;100005;584.6;2;9870247520;S
20240318;100005;584.6;2;9870247524;S
20240318;100005;584.6;2;9870247525;S
20240318;100005;584.8;2;9870247527;B
20240318;100005;584.6;2;9870247528;S
20240318;100005;585;1;9870247530;B
20240318;100005;584.6;2;9870247531;S
20240318;100005;584.6;2;9870247533;S
20240318;100005;585;1;9870247534;B
20240318;100005;584.6;2;9870247537;S
20240318;100005;585;2;9870247547;B
20240318;100005;585;2;9870247553;B
20240318;100005;584.6;2;9870247556;S
20240318;100005;584.6;1;9870247559;S
20240318;100005;585;1;9870247562;B
20240318;100005;584.6;2;9870247563;S
20240318;100005;585;1;9870247570;B
20240318;100005;584.6;2;9870247575;S
20240318;100005;585;1;9870247576;B
20240318;100005;584.6;2;9870247580;S
20240318;100005;584.6;1;9870247584;S
20240318;100005;584.6;2;9870247590;S
20240318;100005;585;2;9870247593;B
20240318;100005;585;2;9870247595;B
20240318;100005;584.6;1;9870247597;S
20240318;100005;584.6;2;9870247600;S
20240318;100005;584.6;1;9870247601;S
20240318;100005;584.6;1;9870247603;S
20240318;100005;584.6;1;9870247604;S
20240318;100005;584.6;4;9870247608;S
20240318;100005;584.6;1;9870247613;S
20240318;100006;584.6;2;9870248042;S
20240318;100006;584.45;2;9870248163;S
20240318;100006;584.5;1;9870248696;S
20240318;100006;584.5;2;9870248697;S
20240318;100006;585;1;9870248750;B
20240318;100006;585;1;9870248751;B
20240318;100006;584.5;2;9870248752;S
20240318;100006;585;1;9870248756;B
20240318;100006;585.15;1;9870248763;B
20240318;100006;585.15;1;9870248765;B
20240318;100006;585.15;1;9870248766;B
20240318;100006;585.1;1;9870248949;S
20240318;100006;585.1;2;9870248957;S
20240318;100006;585.1;2;9870248958;S
20240318;100006;585.3;1;9870248968;B
20240318;100006;585.1;2;9870248971;S
20240318;100006;585.3;2;9870248973;B
20240318;100006;585.3;2;9870248979;B
20240318;100006;585.1;2;9870248983;S
20240318;100006;585.1;4;9870248985;S
20240318;100006;585.1;2;9870248988;S
20240318;100006;585.3;1;9870248989;B
20240318;100006;585.1;2;9870248993;S
20240318;100006;585.1;2;9870248994;S
20240318;100006;585.1;2;9870248995;S
20240318;100006;585.3;1;9870249005;B
20240318;100006;585.1;2;9870249009;S
20240318;100006;585.1;2;9870249018;S
20240318;100006;585.3;2;9870249022;B
20240318;100006;585.1;2;9870249040;S
20240318;100006;585.1;2;9870249057;S
20240318;100006;585.1;2;9870249063;S
20240318;100006;585.3;1;9870249066;B
20240318;100006;585.1;2;9870249076;S
20240318;100006;585.1;1;9870249093;S
20240318;100006;585.3;2;9870249094;B
20240318;100006;585.1;2;9870249103;S
20240318;100006;585.1;2;9870249115;S
20240318;100006;585.3;2;9870249119;B
20240318;100006;585.3;2;9870249123;B
20240318;100006;585.1;2;9870249127;S
20240318;100006;585.3;2;9870249144;B
20240318;100006;585.1;2;9870249146;S
20240318;100006;585.3;2;9870249151;B
20240318;100006;585.1;1;9870249154;S
20240318;100006;585.1;2;9870249159;S
20240318;100006;585.3;1;9870249165;B
20240318;100006;585.1;2;9870249171;S
20240318;100006;585.1;2;9870249177;S
20240318;100006;585.3;1;9870249181;B
20240318;100006;585.3;2;9870249184;B
20240318;100006;585.1;1;9870249187;S
20240318;100006;585.1;12;9870249189;S
20240318;100006;585.1;2;9870249190;S
20240318;100006;585.1;2;9870249192;S
20240318;100006;585.3;1;9870249193;B
20240318;100006;585.1;2;9870249200;S
20240318;100006;585.1;4;9870249203;S
20240318;100006;585.1;2;9870249204;S
20240318;100006;585.1;2;9870249206;S
20240318;100006;585.3;2;9870249209;B
20240318;100006;585.1;2;9870249210;S
20240318;100006;585.3;3;9870249214;B
20240318;100006;585.3;1;9870249216;B
20240318;100006;585.1;1;9870249222;S
20240318;100006;585.1;2;9870249227;S
20240318;100006;585.1;2;9870249238;S
20240318;100006;585.1;2;9870249240;S
20240318;100006;585.1;2;9870249247;S
20240318;100006;585.3;2;9870249251;B
20240318;100006;585.3;1;9870249257;B
20240318;100006;585.3;1;9870249260;B
20240318;100006;585.1;2;9870249264;S
20240318;100006;585.1;2;9870249268;S
20240318;100006;585.1;2;9870249271;S
20240318;100006;585.3;2;9870249276;B
20240318;100006;585.3;1;9870249280;B
20240318;100006;585.1;2;9870249284;S
20240318;100006;585.3;1;9870249285;B
20240318;100006;585.3;1;9870249291;B
20240318;100006;585.3;1;9870249295;B
20240318;100006;585.1;2;9870249312;S
20240318;100006;585.3;2;9870249317;B
20240318;100006;585.3;2;9870249323;B
20240318;100006;585.3;1;9870249330;B
20240318;100006;585.3;2;9870249341;B
20240318;100006;585.1;2;9870249346;S
20240318;100006;585.1;1;9870249349;S
20240318;100006;584.65;1;9870249350;S
20240318;100006;584.65;2;9870249353;S
20240318;100006;585.25;1;9870249371;B
20240318;100006;585.3;1;9870249372;B
20240318;100006;584.65;2;9870249381;S
20240318;100006;584.65;2;9870249394;S
20240318;100006;585.35;1;9870249406;B
20240318;100006;584.65;2;9870249418;S
20240318;100006;584.65;2;9870249420;S
20240318;100006;584.65;2;9870249440;S
20240318;100006;585.35;1;9870249473;B
20240318;100006;585.35;2;9870249484;B
20240318;100006;584.65;1;9870249486;S
20240318;100006;585.35;2;9870249505;B
20240318;100006;584.75;3;9870249695;S
20240318;100007;584.75;25;9870250544;S
20240318;100007;584.7;1;9870250549;S
20240318;100007;584.75;2;9870250553;S
20240318;100007;584.75;2;9870250562;S
20240318;100007;585.3;1;9870250567;B
20240318;100007;585.3;3;9870250572;B
20240318;100007;584.75;2;9870250573;S
20240318;100007;584.75;1;9870250580;S
20240318;100007;584.75;2;9870250586;S
20240318;100007;585.3;2;9870250590;B
20240318;100007;585.3;1;9870250597;B
20240318;100007;585.3;5;9870250607;B
20240318;100007;584.75;1;9870250616;S
20240318;100007;585.3;2;9870250620;B
20240318;100007;584.75;2;9870250624;S
20240318;100007;585.3;1;9870250633;B
20240318;100007;585.3;2;9870250645;B
20240318;100007;585.3;1;9870250648;B
20240318;100007;585.3;2;9870250658;B
20240318;100007;584.75;2;9870250663;S
20240318;100007;584.75;2;9870250670;S
20240318;100007;584.75;2;9870250678;S
20240318;100007;585.3;1;9870250688;B
20240318;100007;584.75;10;9870250693;S
20240318;100007;584.7;6;9870250694;S
20240318;100007;584.75;2;9870250699;S
20240318;100007;584.75;2;9870250701;S
20240318;100007;585.3;2;9870250703;B
20240318;100007;584.75;2;9870250708;S
20240318;100007;585.3;2;9870250709;B
20240318;100007;585.3;1;9870250713;B
20240318;100007;584.75;1;9870250719;S
20240318;100007;584.75;1;9870250722;S
20240318;100007;585.3;1;9870250726;B
20240318;100007;584.75;2;9870250727;S
20240318;100007;585.3;1;9870250736;B
20240318;100007;584.75;1;9870250737;S
20240318;100007;584.75;2;9870250743;S
20240318;100007;585.3;2;9870250745;B
20240318;100007;585.3;3;9870250749;B
20240318;100007;584.75;2;9870250750;S
20240318;100007;584.75;2;9870250755;S
20240318;100007;584.75;2;9870250757;S
20240318;100007;584.75;2;9870250760;S
20240318;100007;585.3;1;9870250765;B
20240318;100007;585.3;2;9870250766;B
20240318;100007;584.75;2;9870250768;S
20240318;100007;585.3;1;9870250773;B
20240318;100007;584.75;1;9870250788;S
20240318;100007;584.75;1;9870250790;S
20240318;100007;585.3;2;9870250794;B
20240318;100007;584.75;3;9870250796;S
20240318;100007;585.3;1;9870250798;B
20240318;100007;584.7;1;9870250801;S
20240318;100007;585.3;2;9870250814;B
20240318;100007;585.3;1;9870250818;B
20240318;100007;584.75;2;9870250820;S
20240318;100007;585.3;2;9870250824;B
20240318;100007;585.3;1;9870250827;B
20240318;100007;585.3;3;9870250833;B
20240318;100007;584.75;2;9870250838;S
20240318;100007;584.75;2;9870250840;S
20240318;100007;585.3;2;9870250844;B
20240318;100007;584.75;2;9870250850;S
20240318;100007;584.75;2;9870250852;S
20240318;100007;585.3;1;9870250864;B
20240318;100007;584.75;18;9870250866;S
20240318;100007;584.7;122;9870250867;S
20240318;100007;584.7;2;9870250870;S
20240318;100007;585.3;1;9870250874;B
20240318;100007;584.75;2;9870250879;S
20240318;100007;584.75;2;9870250880;S
20240318;100007;585.3;1;9870250884;B
20240318;100007;585.3;2;9870250887;B
20240318;100007;585.3;1;9870250888;B
20240318;100007;585.3;1;9870250889;B
20240318;100007;585.3;1;9870250893;B
20240318;100007;584.75;1;9870250895;S
20240318;100007;585.3;1;9870250897;B
20240318;100007;585.3;2;9870250900;B
20240318;100007;585.3;2;9870250903;B
20240318;100007;585.3;1;9870250905;B
20240318;100007;584.75;1;9870250912;S
20240318;100007;584.75;2;9870250913;S
20240318;100007;585.3;1;9870250917;B
20240318;100007;584.75;1;9870250921;S
20240318;100007;584.75;2;9870250922;S
20240318;100007;585.3;2;9870250929;B
20240318;100007;585.3;2;9870250931;B
20240318;100007;585.3;1;9870250932;B
20240318;100007;584.75;2;9870250938;S
20240318;100007;585.3;2;9870250939;B
20240318;100007;584.75;2;9870250943;S
20240318;100007;584.75;1;9870250945;S
20240318;100007;584.75;2;9870250947;S
20240318;100007;585.3;2;9870250952;B
20240318;100007;584.75;2;9870250953;S
20240318;100007;585.3;1;9870250963;B
20240318;100007;584.75;2;9870250966;S
20240318;100007;584.75;1;9870250968;S
20240318;100007;584.75;2;9870251008;S
20240318;100007;584.75;2;9870251013;S
20240318;100007;585.3;2;9870251020;B
20240318;100007;584.7;2;9870251021;S
20240318;100007;585.3;1;9870251030;B
20240318;100007;584.7;2;9870251037;S
20240318;100007;585.3;1;9870251041;B
20240318;100007;584.7;2;9870251044;S
20240318;100007;585.3;1;9870251047;B
20240318;100007;584.7;1;9870251051;S
20240318;100007;585.3;2;9870251056;B
20240318;100007;585.3;1;9870251060;B
20240318;100007;585.3;2;9870251062;B
20240318;100007;585.3;10;9870251066;B
20240318;100007;585.3;1;9870251067;B
20240318;100007;585.3;1;9870251076;B
20240318;100007;584.7;3;9870251085;S
20240318;100007;584.7;2;9870251089;S
20240318;100007;584.7;2;9870251091;S
20240318;100007;585.3;2;9870251096;B
20240318;100007;585.25;1;9870251105;B
20240318;100007;585.2;2;9870251111;B
20240318;100007;584.7;2;9870251117;S
20240318;100007;585.2;2;9870251120;B
20240318;100007;584.7;1;9870251130;S
20240318;100007;584.7;1;9870251134;S
20240318;100007;584.7;4;9870251138;S
20240318;100007;584.7;2;9870251149;S
20240318;100007;585.2;1;9870251161;B
20240318;100007;584.7;38;9870251171;S
20240318;100007;584.7;1;9870251231;S
20240318;100007;585.2;4;9870251233;B
20240318;100007;585.2;1;9870251241;B
20240318;100007;585.2;2;9870251246;B
20240318;100007;585.2;2;9870251247;B
20240318;100007;585.2;1;9870251249;B
20240318;100007;584.7;1;9870251258;S
20240318;100007;585.2;1;9870251260;B
20240318;100007;584.7;2;9870251262;S
20240318;100007;584.7;2;9870251270;S
20240318;100007;585.2;2;9870251272;B
20240318;100007;585.2;1;9870251274;B
20240318;100007;584.7;2;9870251275;S
20240318;100007;584.7;1;9870251283;S
20240318;100007;584.7;2;9870251284;S
20240318;100007;584.7;2;9870251288;S
20240318;100007;584.7;2;9870251290;S
20240318;100007;585.2;2;9870251292;B
20240318;100007;584.7;2;9870251296;S
20240318;100007;584.7;1;9870251302;S
20240318;100007;584.7;2;9870251303;S
20240318;100007;584.7;1;9870251309;S
20240318;100007;585.2;2;9870251311;B
20240318;100007;584.7;2;9870251315;S
20240318;100007;584.7;1;9870251320;S
20240318;100007;584.7;2;9870251324;S
20240318;100007;585.2;2;9870251327;B
20240318;100007;584.7;2;9870251330;S
20240318;100007;585.2;2;9870251335;B
20240318;100007;585.2;2;9870251339;B
20240318;100007;585.2;2;9870251347;B
20240318;100007;584.7;2;9870251351;S
20240318;100007;585.15;1;9870251354;B
20240318;100007;584.7;2;9870251370;S
20240318;100007;585.15;1;9870251374;B
20240318;100007;584.7;2;9870251378;S
20240318;100007;584.7;12;9870251382;S
20240318;100007;584.7;2;9870251387;S
20240318;100007;584.7;2;9870251390;S
20240318;100007;585.15;2;9870251394;B
20240318;100007;585.15;1;9870251397;B
20240318;100007;584.7;3;9870251401;S
20240318;100007;585.15;1;9870251404;B
20240318;100007;585.15;1;9870251410;B
20240318;100007;584.7;1;9870251416;S
20240318;100007;584.7;2;9870251417;S
20240318;100007;585.15;1;9870251422;B
20240318;100007;585.15;2;9870251425;B
20240318;100007;584.7;2;9870251428;S
20240318;100007;584.7;2;9870251431;S
20240318;100007;585.15;1;9870251435;B
20240318;100007;585.15;1;9870251437;B
20240318;100007;585.15;2;9870251445;B
20240318;100007;584.7;1;9870251448;S
20240318;100007;584.7;2;9870251450;S
20240318;100007;584.7;2;9870251452;S
20240318;100007;585.15;1;9870251457;B
20240318;100007;584.7;5;9870251458;S
20240318;100007;584.7;2;9870251459;S
20240318;100007;585.15;3;9870251462;B
20240318;100007;584.7;13;9870251466;S
20240318;100007;585.15;2;9870251468;B
20240318;100007;584.7;1;9870251789;S
20240318;100007;584.7;2;9870251814;S
20240318;100007;585.15;2;9870251819;B
20240318;100007;584.65;1;9870252476;S
20240318;100007;585.1;1;9870252480;B
20240318;100007;585.1;1;9870252481;B
20240318;100007;585.1;2;9870252482;B
20240318;100007;584.65;2;9870252483;S
20240318;100007;585.1;1;9870252489;B
20240318;100007;584.65;2;9870252491;S
20240318;100007;584.65;2;9870252493;S
20240318;100007;585.1;1;9870252494;B
20240318;100007;585.1;1;9870252495;B
20240318;100007;584.65;2;9870252496;S
20240318;100007;585.1;2;9870252497;B
20240318;100007;584.65;2;9870252500;S
20240318;100007;584.65;2;9870252502;S
20240318;100007;584.65;2;9870252504;S
20240318;100007;585.1;2;9870252505;B
20240318;100007;584.65;2;9870252506;S
20240318;100007;585.1;2;9870252507;B
20240318;100007;584.65;1;9870252508;S
20240318;100007;585.1;2;9870252510;B
20240318;100007;584.65;17;9870252512;S
20240318;100007;585.1;1;9870252513;B
20240318;100007;585.1;1;9870252514;B
20240318;100007;585.1;1;9870252515;B
20240318;100007;585.1;1;9870252516;B
20240318;100007;584.65;3;9870252517;S
20240318;100007;585.1;2;9870252518;B
20240318;100007;584.65;2;9870252519;S
20240318;100007;584.65;2;9870252520;S
20240318;100007;584.65;2;9870252521;S
20240318;100007;585.1;2;9870252522;B
20240318;100007;584.65;2;9870252523;S
20240318;100007;585.1;2;9870252525;B
20240318;100007;584.65;2;9870252526;S
20240318;100007;584.65;200;9870252527;S
20240318;100007;585.1;1;9870252528;B
20240318;100007;585.1;1;9870252529;B
20240318;100007;584.65;2;9870252530;S
20240318;100007;584.65;2;9870252531;S
20240318;100007;585.1;2;9870252532;B
20240318;100007;584.65;2;9870252533;S
20240318;100007;585.1;2;9870252534;B
20240318;100007;584.65;2;9870252535;S
20240318;100007;585.1;1;9870252539;B
20240318;100007;584.65;2;9870252540;S
20240318;100007;584.65;2;9870252541;S
20240318;100007;584.65;2;9870252542;S
20240318;100007;584.65;1;9870252543;S
20240318;100007;584.65;1;9870252545;S
20240318;100007;584.65;1;9870252546;S
20240318;100007;585.1;1;9870252547;B
20240318;100007;585.1;1;9870252548;B
20240318;100007;585.1;1;9870252549;B
20240318;100007;585.1;1;9870252550;B
20240318;100007;584.65;2;9870252551;S
20240318;100007;585.1;1;9870252552;B
20240318;100007;584.65;2;9870252553;S
20240318;100007;584.65;2;9870252555;S
20240318;100007;585.1;2;9870252556;B
20240318;100007;584.65;2;9870252558;S
20240318;100007;585.1;2;9870252559;B
20240318;100007;584.65;2;9870252560;S
20240318;100007;585.1;1;9870252561;B
20240318;100007;584.65;5;9870252562;S
20240318;100007;584.65;2;9870252563;S
20240318;100007;584.65;2;9870252564;S
20240318;100007;584.65;2;9870252565;S
20240318;100007;585.1;2;9870252566;B
20240318;100007;585.1;1;9870252567;B
20240318;100007;585.1;1;9870252569;B
20240318;100007;584.65;6;9870252570;S
20240318;100007;585.1;2;9870252572;B
20240318;100007;585.1;2;9870252573;B
20240318;100007;585.1;2;9870252574;B
20240318;100007;584.65;1;9870252575;S
20240318;100007;584.65;2;9870252576;S
20240318;100007;584.65;2;9870252577;S
20240318;100007;585.1;1;9870252578;B
20240318;100007;584.65;2;9870252579;S
20240318;100007;584.65;1;9870252580;S
20240318;100007;584.65;2;9870252581;S
20240318;100007;585.1;2;9870252583;B
20240318;100007;585.1;1;9870252584;B
20240318;100007;585.1;2;9870252585;B
20240318;100007;584.65;2;9870252587;S
20240318;100007;584.65;2;9870252589;S
20240318;100007;584.65;3;9870252594;S
20240318;100007;584.65;2;9870252598;S
20240318;100007;585.1;2;9870252599;B
20240318;100007;584.65;2;9870252607;S
20240318;100007;584.65;2;9870252608;S
20240318;100007;585;1;9870252609;B
20240318;100007;585;2;9870252611;B
20240318;100007;584.65;2;9870252618;S
20240318;100007;585;1;9870252619;B
20240318;100007;585;2;9870252621;B
20240318;100007;585;1;9870252628;B
20240318;100007;585;5;9870252629;B
20240318;100007;584.65;1;9870252630;S
20240318;100007;584.65;2;9870252633;S
20240318;100007;584.65;3;9870252638;S
20240318;100007;585;1;9870252640;B
20240318;100007;585;1;9870252644;B
20240318;100007;585;2;9870252648;B
20240318;100007;584.65;2;9870252650;S
20240318;100007;584.65;2;9870252651;S
20240318;100007;585;1;9870252657;B
20240318;100007;585;2;9870252661;B
20240318;100007;584.65;123;9870252664;S
20240318;100007;584.6;28;9870252665;S
20240318;100007;584.35;101;9870252666;S
20240318;100007;584.65;2;9870252701;S
20240318;100007;585;1;9870252703;B
20240318;100007;584.65;1;9870252705;S
20240318;100007;584.65;2;9870252711;S
20240318;100007;584.65;1;9870252715;S
20240318;100007;584.65;2;9870252720;S
20240318;100007;584.65;2;9870252721;S
20240318;100007;584.65;2;9870252724;S
20240318;100007;585;2;9870252728;B
20240318;100007;584.65;1;9870252731;S
20240318;100007;584.65;2;9870252733;S
20240318;100007;584.65;5;9870252734;S
20240318;100007;584.65;2;9870252737;S
20240318;100007;585;1;9870252738;B
20240318;100007;584.65;2;9870252742;S
20240318;100007;584.65;2;9870252743;S
20240318;100007;585;1;9870252745;B
20240318;100007;584.65;2;9870252746;S
20240318;100007;584.65;2;9870252747;S
20240318;100007;585;2;9870252751;B
20240318;100007;584.65;4;9870252752;S
20240318;100007;584.65;2;9870252756;S
20240318;100007;584.65;2;9870252758;S
20240318;100007;584.65;2;9870252760;S
20240318;100007;584.65;1;9870252761;S
20240318;100007;584.65;1;9870252762;S
20240318;100007;584.65;1;9870252766;S
20240318;100007;584.65;10;9870252771;S
20240318;100007;584.4;3;9870252772;S
20240318;100007;585;1;9870252776;B
20240318;100007;584.3;2;9870252920;S
20240318;100007;584.3;1;9870252934;S
20240318;100007;584.3;2;9870252935;S
20240318;100007;584.3;1;9870252936;S
20240318;100007;584.3;3;9870252937;S
20240318;100007;585;2;9870252938;B
20240318;100007;585;1;9870252940;B
20240318;100007;584.3;1;9870252941;S
20240318;100007;585;1;9870252942;B
20240318;100007;584.3;2;9870252943;S
20240318;100007;584.3;7;9870252944;S
20240318;100007;584.95;2;9870252946;B
20240318;100007;584.95;7;9870252947;B
20240318;100007;584.95;2;9870252948;B
20240318;100007;584.3;2;9870252949;S
20240318;100007;584.3;2;9870252954;S
20240318;100007;584.3;3;9870252955;S
20240318;100007;584.3;2;9870252957;S
20240318;100007;584.25;3;9870252958;S
20240318;100007;584.95;2;9870252959;B
20240318;100007;584.25;2;9870252960;S
20240318;100007;584.25;2;9870252961;S
20240318;100007;584.25;2;9870252962;S
20240318;100007;584.3;1;9870252964;S
20240318;100007;584.3;2;9870252965;S
20240318;100007;584.3;2;9870252966;S
20240318;100007;584.95;1;9870252967;B
20240318;100007;584.3;2;9870252968;S
20240318;100007;584.95;2;9870252971;B
20240318;100007;584.3;1;9870252972;S
20240318;100007;584.3;2;9870252973;S
20240318;100007;584.95;2;9870252974;B
20240318;100007;584.3;2;9870252975;S
20240318;100007;584.95;2;9870252977;B
20240318;100007;584.3;2;9870252981;S
20240318;100007;584.95;1;9870252982;B
20240318;100007;584.3;2;9870252983;S
20240318;100007;584.95;2;9870252984;B
20240318;100007;584.95;1;9870252985;B
20240318;100007;584.95;1;9870252986;B
20240318;100007;584.3;2;9870252987;S
20240318;100007;584.3;2;9870252988;S
20240318;100007;584.95;2;9870252989;B
20240318;100007;584.3;2;9870252990;S
20240318;100007;584.95;2;9870252991;B
20240318;100007;584.3;2;9870252995;S
20240318;100007;585;1;9870252997;B
20240318;100007;584.3;2;9870252998;S
20240318;100007;584.3;2;9870252999;S
20240318;100007;585;1;9870253000;B
20240318;100007;584.3;2;9870253001;S
20240318;100007;584.95;1;9870253004;B
20240318;100007;584.35;2;9870253005;S
20240318;100007;584.35;1;9870253006;S
20240318;100007;584.95;1;9870253007;B
20240318;100007;584.35;2;9870253008;S
20240318;100007;584.95;2;9870253009;B
20240318;100007;584.95;10;9870253010;B
20240318;100008;584.35;2;9870253802;S
20240318;100008;584.95;2;9870253803;B
20240318;100008;584.95;2;9870253813;B
20240318;100008;584.4;1;9870253814;S
20240318;100008;584.95;2;9870253816;B
20240318;100008;584.4;2;9870253817;S
20240318;100008;584.95;2;9870253818;B
20240318;100008;584.4;1;9870253821;S
20240318;100008;584.4;1;9870253826;S
20240318;100008;584.95;2;9870253828;B
20240318;100008;584.95;2;9870253829;B
20240318;100008;584.95;2;9870253832;B
20240318;100008;584.95;1;9870253833;B
20240318;100008;584.4;2;9870253837;S
20240318;100008;585;2;9870253838;B
20240318;100008;584.4;2;9870253840;S
20240318;100008;584.4;1;9870253842;S
20240318;100008;585;1;9870253843;B
20240318;100008;584.95;8;9870253849;B
20240318;100008;584.95;2;9870253850;B
20240318;100008;584.4;2;9870253852;S
20240318;100008;584.4;2;9870253857;S
20240318;100008;584.4;1;9870253858;S
20240318;100008;584.95;2;9870253859;B
20240318;100008;584.95;2;9870253864;B
20240318;100008;584.95;1;9870253865;B
20240318;100008;584.4;2;9870253866;S
20240318;100008;584.95;2;9870253886;B
20240318;100008;584.4;3;9870253891;S
20240318;100008;584.4;1;9870253892;S
20240318;100008;584.95;1;9870253893;B
20240318;100008;584.95;2;9870253894;B
20240318;100008;584.4;2;9870253900;S
20240318;100008;584.95;1;9870253902;B
20240318;100008;584.95;2;9870253904;B
20240318;100008;584.95;1;9870253906;B
20240318;100008;584.95;1;9870253907;B
20240318;100008;584.4;1;9870253908;S
20240318;100008;584.4;4;9870253909;S
20240318;100008;584.45;1;9870253913;S
20240318;100008;584.45;2;9870253916;S
20240318;100008;584.45;2;9870253938;S
20240318;100008;584.95;1;9870253939;B
20240318;100008;584.45;1;9870253940;S
20240318;100008;584.95;2;9870253943;B
20240318;100008;584.95;1;9870253944;B
20240318;100008;584.45;2;9870253947;S
20240318;100008;584.45;1;9870253955;S
20240318;100008;584.5;2;9870253957;S
20240318;100008;584.75;1;9870253960;S
20240318;100008;584.75;2;9870253961;S
20240318;100008;585;2;9870253962;B
20240318;100008;584.75;1;9870253964;S
20240318;100008;584.75;2;9870253966;S
20240318;100008;584.5;2;9870253977;S
20240318;100008;584.5;1;9870253978;S
20240318;100008;584.95;2;9870253980;B
20240318;100008;584.5;1;9870253981;S
20240318;100008;584.95;2;9870253982;B
20240318;100008;584.5;2;9870253984;S
20240318;100008;584.5;2;9870253991;S
20240318;100008;584.95;1;9870253993;B
20240318;100008;584.95;23;9870253996;B
20240318;100008;585.4;2;9870254000;B
20240318;100008;585.4;2;9870254001;B
20240318;100008;585.05;2;9870254002;S
20240318;100008;585.15;1;9870254008;B
20240318;100008;584.55;2;9870254012;S
20240318;100008;585.1;2;9870254014;B
20240318;100008;585.1;1;9870254016;B
20240318;100008;584.55;1;9870254018;S
20240318;100008;584.55;2;9870254019;S
20240318;100008;585.1;97;9870254020;B
20240318;100008;585.1;2;9870254021;S
20240318;100008;585.1;1;9870254022;S
20240318;100008;585.15;450;9870254052;B
20240318;100008;585.2;2;9870254330;B
20240318;100008;584.55;2;9870254331;S
20240318;100008;585.2;1;9870254332;B
20240318;100008;584.55;1;9870254333;S
20240318;100008;584.55;2;9870254334;S
20240318;100008;585.2;2;9870254335;B
20240318;100008;585.2;1;9870254336;B
20240318;100008;585.2;1;9870254337;B
20240318;100008;585.2;1;9870254338;B
20240318;100008;585.2;1;9870254339;B
20240318;100008;584.55;2;9870254340;S
20240318;100008;584.55;1;9870254342;S
20240318;100008;585.2;2;9870254344;B
20240318;100008;584.6;2;9870254348;S
20240318;100008;585.2;1;9870254349;B
20240318;100008;584.6;2;9870254350;S
20240318;100008;585.2;10;9870254351;B
20240318;100008;584.6;2;9870254352;S
20240318;100008;585.2;1;9870254353;B
20240318;100008;584.6;1;9870254354;S
20240318;100008;585.2;2;9870254357;B
20240318;100008;585.2;1;9870254359;B
20240318;100008;584.6;2;9870254363;S
20240318;100008;584.6;2;9870254364;S
20240318;100008;584.6;1;9870254365;S
20240318;100008;585.2;2;9870254366;B
20240318;100008;584.6;2;9870254368;S
20240318;100008;585.25;1;9870254369;B
20240318;100008;585.25;2;9870254370;B
20240318;100008;585.25;2;9870254371;B
20240318;100008;584.6;2;9870254372;S
20240318;100008;585.25;1;9870254373;B
20240318;100008;584.6;3;9870254374;S
20240318;100008;584.6;1;9870254377;S
20240318;100008;584.6;2;9870254378;S
20240318;100008;584.6;2;9870254379;S
20240318;100008;584.6;1;9870254381;S
20240318;100008;584.6;1;9870254382;S
20240318;100008;585.25;1;9870254383;B
20240318;100008;584.6;2;9870254384;S
20240318;100008;584.55;1;9870254385;S
20240318;100008;585.25;2;9870254387;B
20240318;100008;585.25;1;9870254388;B
20240318;100008;584.55;1;9870254389;S
20240318;100008;584.55;2;9870254390;S
20240318;100008;585.25;2;9870254391;B
20240318;100008;584.55;2;9870254394;S
20240318;100008;584.55;2;9870254395;S
20240318;100008;585.25;2;9870254397;B
20240318;100008;585.25;10;9870254402;B
20240318;100008;584.55;4;9870254406;S
20240318;100008;585.25;1;9870254412;B
20240318;100008;584.6;2;9870254428;S
20240318;100008;584.6;4;9870254430;S
20240318;100008;585.2;1;9870254433;B
20240318;100008;584.6;2;9870254441;S
20240318;100008;584.6;1;9870254442;S
20240318;100008;585.2;1;9870254444;B
20240318;100008;584.6;2;9870254447;S
20240318;100008;584.6;1;9870254449;S
20240318;100008;585.2;1;9870254459;B
20240318;100008;584.6;1;9870254462;S
20240318;100008;584.6;2;9870254476;S
20240318;100008;585.2;2;9870254511;B
20240318;100008;585.2;1;9870254523;B
20240318;100008;584.6;2;9870255079;S
20240318;100008;585.2;1;9870255160;B
20240318;100008;584.65;1;9870255161;S
20240318;100008;585.2;1;9870255162;B
20240318;100008;585.2;2;9870255164;B
20240318;100008;584.65;2;9870255165;S
20240318;100008;585.45;1;9870255167;B
20240318;100008;584.65;3;9870255168;S
20240318;100008;584.65;2;9870255169;S
20240318;100008;584.65;1;9870255170;S
20240318;100008;585.4;1;9870255172;B
20240318;100008;584.65;2;9870255173;S
20240318;100008;584.65;2;9870255174;S
20240318;100008;585.4;2;9870255175;B
20240318;100008;584.65;2;9870255177;S
20240318;100008;585.4;2;9870255178;B
20240318;100008;585.4;2;9870255179;B
20240318;100008;585.4;2;9870255180;B
20240318;100008;584.65;1;9870255184;S
20240318;100008;584.65;3;9870255185;S
20240318;100008;584.65;2;9870255187;S
20240318;100008;584.65;2;9870255188;S
20240318;100008;584.65;2;9870255189;S
20240318;100008;585.4;2;9870255190;B
20240318;100008;584.65;5;9870255191;S
20240318;100008;585.4;1;9870255193;B
20240318;100008;584.65;2;9870255195;S
20240318;100008;585.4;1;9870255196;B
20240318;100008;584.65;1;9870255198;S
20240318;100008;585.4;2;9870255199;B
20240318;100008;585.4;1;9870255200;B
20240318;100008;585.4;1;9870255201;B
20240318;100008;585.4;2;9870255204;B
20240318;100008;585.4;2;9870255205;B
20240318;100008;585.4;1;9870255207;B
20240318;100008;585.4;2;9870255208;B
20240318;100008;585.4;1;9870255209;B
20240318;100008;584.65;10;9870255210;S
20240318;100008;585.4;1;9870255212;B
20240318;100008;584.65;2;9870255213;S
20240318;100008;584.65;2;9870255216;S
20240318;100008;585.4;1;9870255217;B
20240318;100008;584.65;2;9870255218;S
20240318;100008;585.4;1;9870255219;B
20240318;100008;584.65;2;9870255220;S
20240318;100008;585.4;1;9870255221;B
20240318;100008;584.65;2;9870255223;S
20240318;100008;585.4;2;9870255224;B
20240318;100008;585.4;2;9870255225;B
20240318;100008;584.65;11;9870255226;S
20240318;100008;584.6;10;9870255227;S
20240318;100008;584.2;2;9870255228;S
20240318;100008;584.25;2;9870255229;S
20240318;100008;584.3;2;9870255230;S
20240318;100008;585.35;1;9870255231;B
20240318;100008;585.35;2;9870255234;B
20240318;100008;585.35;1;9870255236;B
20240318;100008;585.35;2;9870255237;B
20240318;100008;585.3;1;9870255239;B
20240318;100008;584.35;2;9870255240;S
20240318;100008;585.3;1;9870255241;B
20240318;100008;584.4;2;9870255242;S
20240318;100008;584.4;2;9870255243;S
20240318;100008;585.3;1;9870255246;B
20240318;100008;584.4;2;9870255247;S
20240318;100008;584.45;2;9870255249;S
20240318;100008;585.3;2;9870255250;B
20240318;100008;585.3;2;9870255251;B
20240318;100008;585.3;1;9870255252;B
20240318;100008;584.2;2;9870255253;S
20240318;100008;585.3;1;9870255254;B
20240318;100008;584.2;2;9870255255;S
20240318;100008;585.35;1;9870255268;B
20240318;100008;585.35;1;9870255270;B
20240318;100008;585.35;1;9870255271;B
20240318;100008;585.35;11;9870255272;B
20240318;100008;585.35;1;9870255273;B
20240318;100008;584.65;1;9870255274;S
20240318;100008;584.65;1;9870255276;S
20240318;100008;585.35;2;9870255278;B
20240318;100008;584.65;2;9870255279;S
20240318;100008;584.65;1;9870255280;S
20240318;100008;585.35;9;9870255281;B
20240318;100008;585.35;2;9870255282;B
20240318;100008;584.7;2;9870255522;S
20240318;100008;584.7;2;9870255529;S
20240318;100008;585.25;2;9870255531;B
20240318;100008;585.25;2;9870255533;B
20240318;100008;584.7;4;9870255534;S
20240318;100008;585.25;3;9870255536;B
20240318;100008;585.25;1;9870255537;B
20240318;100008;584.7;2;9870255538;S
20240318;100008;584.7;1;9870255539;S
20240318;100008;585.25;1;9870255540;B
20240318;100008;584.7;1;9870255542;S
20240318;100008;584.7;2;9870255543;S
20240318;100008;584.7;8;9870255544;S
20240318;100008;584.7;2;9870255545;S
20240318;100008;584.7;4;9870255546;S
20240318;100008;584.65;6;9870255547;S
20240318;100008;584.65;2;9870255548;S
20240318;100008;584.2;2;9870255550;S
20240318;100008;584.6;2;9870256196;S
20240318;100008;584.6;2;9870256213;S
20240318;100009;585.15;1;9870256229;B
20240318;100009;585.15;2;9870256240;B
20240318;100009;585.15;1;9870256250;B
20240318;100009;585.15;5;9870256252;B
20240318;100009;585.15;1;9870256266;B
20240318;100009;585.15;2;9870256274;B
20240318;100009;584.6;2;9870256296;S
20240318;100009;584.6;1;9870256305;S
20240318;100009;584.6;1;9870256314;S
20240318;100009;585.15;1;9870256317;B
20240318;100009;585.15;3;9870256326;B
20240318;100009;584.6;3;9870256338;S
20240318;100009;585.15;2;9870256347;B
20240318;100009;585.15;1;9870256358;B
20240318;100009;584.6;2;9870256365;S
20240318;100009;584.6;2;9870256407;S
20240318;100009;585.15;2;9870256408;B
20240318;100009;584.6;2;9870256418;S
20240318;100009;585.15;1;9870256435;B
20240318;100009;584.6;1;9870256451;S
20240318;100009;584.6;1;9870256484;S
20240318;100009;584.6;2;9870256493;S
20240318;100009;585.15;2;9870256499;B
20240318;100009;584.6;1;9870256506;S
20240318;100009;584.6;2;9870256515;S
20240318;100009;584.6;10;9870256523;S
20240318;100009;585.15;1;9870256534;B
20240318;100009;584.45;2;9870256558;S
20240318;100009;584.45;2;9870256567;S
20240318;100009;584.45;2;9870256572;S
20240318;100009;585.1;2;9870256584;B
20240318;100009;584.5;2;9870256590;S
20240318;100009;584.55;2;9870256598;S
20240318;100009;584.55;2;9870256604;S
20240318;100009;585.15;2;9870256609;B
20240318;100009;584.55;1;9870256617;S
20240318;100009;584.55;2;9870256622;S
20240318;100009;585.15;1;9870256631;B
20240318;100009;585.3;2;9870256640;B
20240318;100009;584.55;2;9870256652;S
20240318;100009;584.55;2;9870256659;S
20240318;100009;584.55;2;9870256667;S
20240318;100009;584.55;3;9870256669;S
20240318;100009;584.55;1;9870256686;S
20240318;100009;584.55;1;9870256689;S
20240318;100009;585.25;2;9870256697;B
20240318;100009;584.55;2;9870256711;S
20240318;100009;585.25;2;9870256712;B
20240318;100009;584.55;1;9870256716;S
20240318;100009;585.25;8;9870256717;B
20240318;100009;585.25;1;9870256718;B
20240318;100009;584.55;2;9870256720;S
20240318;100009;585.25;1;9870256722;B
20240318;100009;584.55;1;9870256723;S
20240318;100009;585.25;2;9870256724;B
20240318;100009;585.25;1;9870256725;B
20240318;100009;584.55;2;9870256726;S
20240318;100009;585.25;2;9870256727;B
20240318;100009;585.25;1;9870256728;B
20240318;100009;584.55;2;9870256729;S
20240318;100009;585.25;1;9870256730;B
20240318;100009;584.5;2;9870256731;S
20240318;100009;584.55;2;9870256732;S
20240318;100009;585.2;1;9870256737;B
20240318;100009;584.55;2;9870256738;S
20240318;100009;585.2;2;9870256739;B
20240318;100009;585.2;2;9870256741;B
20240318;100009;584.55;2;9870256743;S
20240318;100009;585.2;2;9870256744;B
20240318;100009;584.55;2;9870256745;S
20240318;100009;584.55;2;9870256748;S
20240318;100009;585.2;2;9870256749;B
20240318;100009;584.55;2;9870256750;S
20240318;100009;585.2;2;9870256751;B
20240318;100009;584.55;2;9870256752;S
20240318;100009;585.2;1;9870256753;B
20240318;100009;584.55;2;9870256755;S
20240318;100009;585.2;1;9870256757;B
20240318;100009;585.2;1;9870256758;B
20240318;100009;585.2;2;9870256760;B
20240318;100009;585.2;5;9870256765;B
20240318;100009;585.2;1;9870256766;B
20240318;100009;585.2;1;9870256767;B
20240318;100009;585.2;3;9870256768;B
20240318;100009;584.55;2;9870256769;S
20240318;100009;584.55;1;9870256770;S
20240318;100009;585.2;2;9870256771;B
20240318;100009;585.2;1;9870256775;B
20240318;100009;584.55;2;9870256776;S
20240318;100009;585.2;5;9870256777;B
20240318;100009;584.55;2;9870256778;S
20240318;100009;585.2;2;9870256779;B
20240318;100009;584.55;1;9870256780;S
20240318;100009;585.2;1;9870256781;B
20240318;100009;585.2;1;9870256782;B
20240318;100009;584.55;2;9870256785;S
20240318;100009;584.55;1;9870256786;S
20240318;100009;584.55;1;9870256787;S
20240318;100009;584.5;1;9870256789;S
20240318;100009;585.2;1;9870256790;B
20240318;100009;585.2;1;9870256791;B
20240318;100009;585.2;1;9870256792;B
20240318;100009;585.2;2;9870256793;B
20240318;100009;585.2;2;9870256795;B
20240318;100009;584.3;2;9870256796;S
20240318;100009;584.35;1;9870256798;S
20240318;100009;584.4;1;9870256799;S
20240318;100009;584.4;2;9870256802;S
20240318;100009;584.4;2;9870256803;S
20240318;100009;584.45;2;9870256811;S
20240318;100009;584.45;3;9870256824;S
20240318;100009;584.5;1;9870256829;S
20240318;100009;585.4;1;9870256839;B
20240318;100009;584.25;4;9870256851;S
20240318;100009;584.4;2;9870256864;S
20240318;100009;585.25;2;9870256874;B
20240318;100009;585.2;2;9870256883;B
20240318;100009;584.65;2;9870257294;S
20240318;100009;584.65;1;9870257299;S
20240318;100009;585.2;1;9870257302;B
20240318;100009;584.65;2;9870257303;S
20240318;100009;584.65;3;9870257590;S
20240318;100009;584.65;5;9870257591;S
20240318;100009;585.2;2;9870257592;B
20240318;100009;585.2;1;9870257596;B
20240318;100009;585.2;1;9870257597;B
20240318;100009;585.2;1;9870257599;B
20240318;100009;585.2;1;9870257600;B
20240318;100009;585.2;1;9870257603;B
20240318;100009;584.65;2;9870257604;S
20240318;100009;585.2;2;9870257606;B
20240318;100009;585.2;1;9870257607;B
20240318;100009;584.65;2;9870257609;S
20240318;100009;585.2;2;9870257610;B
20240318;100009;585.2;4;9870257611;B
20240318;100009;584.65;2;9870257612;S
20240318;100009;585.2;2;9870257614;B
20240318;100009;584.65;3;9870257615;S
20240318;100009;584.65;2;9870257616;S
20240318;100009;584.65;2;9870257617;S
20240318;100009;585.2;1;9870257618;B
20240318;100009;584.65;1;9870257619;S
20240318;100009;584.65;1;9870257620;S
20240318;100009;584.6;1;9870257621;S
20240318;100009;585.2;1;9870257622;B
20240318;100009;584.65;2;9870257623;S
20240318;100009;584.65;2;9870257624;S
20240318;100009;584.7;1;9870257706;S
20240318;100009;584.7;2;9870257708;S
20240318;100009;584.7;2;9870257711;S
20240318;100009;584.7;2;9870257718;S
20240318;100009;585.2;3;9870257719;B
20240318;100009;585.2;1;9870257724;B
20240318;100009;585.2;1;9870257728;B
20240318;100009;585.25;1;9870257729;B
20240318;100009;584.7;1;9870257734;S
20240318;100009;585.2;1;9870257738;B
20240318;100009;584.7;2;9870257740;S
20240318;100009;585.2;1;9870257743;B
20240318;100009;584.7;2;9870257748;S
20240318;100009;585.2;2;9870257752;B
20240318;100009;584.7;2;9870257753;S
20240318;100009;585.2;3;9870257756;B
20240318;100009;584.7;2;9870257758;S
20240318;100009;584.7;2;9870257764;S
20240318;100009;585.2;2;9870257766;B
20240318;100009;584.7;2;9870257770;S
20240318;100009;584.7;2;9870257773;S
20240318;100009;584.7;2;9870257778;S
20240318;100009;584.7;4;9870257782;S
20240318;100009;584.6;15;9870257783;S
20240318;100009;584.6;2;9870257786;S
20240318;100009;584.65;2;9870257790;S
20240318;100009;585.2;2;9870257791;B
20240318;100009;585.2;2;9870257795;B
20240318;100009;584.65;2;9870257799;S
20240318;100009;585.2;1;9870257803;B
20240318;100009;584.65;2;9870257810;S
20240318;100009;585.2;2;9870257816;B
20240318;100009;584.65;2;9870257826;S
20240318;100009;584.65;2;9870257829;S
20240318;100009;584.65;3;9870257837;S
20240318;100009;585.2;1;9870257839;B
20240318;100009;585.2;1;9870257844;B
20240318;100009;584.65;2;9870257845;S
20240318;100009;585.2;2;9870257851;B
20240318;100009;584.65;2;9870257852;S
20240318;100009;584.65;2;9870257859;S
20240318;100009;584.65;2;9870257866;S
20240318;100009;585.2;2;9870257867;B
20240318;100009;585.2;1;9870257869;B
20240318;100009;585.2;1;9870257873;B
20240318;100009;585.2;1;9870257882;B
20240318;100009;584.65;2;9870257883;S
20240318;100009;585.2;2;9870257884;B
20240318;100009;584.65;2;9870257885;S
20240318;100009;585.2;1;9870257889;B
20240318;100009;584.65;2;9870257893;S
20240318;100009;584.65;1;9870257894;S
20240318;100009;585.25;1;9870257899;B
20240318;100009;585.2;2;9870257900;B
20240318;100009;584.65;2;9870257902;S
20240318;100009;585.2;2;9870257906;B
20240318;100009;584.7;2;9870257908;S
20240318;100009;584.75;2;9870257910;S
20240318;100009;584.75;2;9870257911;S
20240318;100009;585.2;1;9870257916;B
20240318;100009;585.35;1;9870257919;B
20240318;100009;585.35;1;9870257920;B
20240318;100009;585.35;2;9870257921;B
20240318;100009;585.3;2;9870257923;B
20240318;100009;585.3;1;9870257928;B
20240318;100009;585.3;2;9870257929;B
20240318;100009;585.3;1;9870257930;B
20240318;100009;584.75;2;9870257932;S
20240318;100009;584.75;2;9870257935;S
20240318;100009;584.75;2;9870257937;S
20240318;100009;584.75;2;9870257938;S
20240318;100009;584.75;2;9870257941;S
20240318;100009;584.75;8;9870257942;S
20240318;100009;584.75;2;9870257945;S
20240318;100009;584.75;2;9870257948;S
20240318;100009;584.75;2;9870257949;S
20240318;100009;584.35;2;9870257952;S
20240318;100009;585.3;2;9870257955;B
20240318;100009;584.4;2;9870257956;S
20240318;100009;585.3;2;9870257961;B
20240318;100009;585.3;2;9870257963;B
20240318;100009;585.3;1;9870257965;B
20240318;100009;585.3;1;9870257967;B
20240318;100009;584.55;2;9870257970;S
20240318;100009;584.6;2;9870257985;S
20240318;100009;585.3;1;9870257987;B
20240318;100009;584.65;2;9870257989;S
20240318;100009;585.3;1;9870257991;B
20240318;100009;584.35;3;9870257992;S
20240318;100009;585.3;2;9870257994;B
20240318;100009;585.3;1;9870257996;B
20240318;100009;584.4;1;9870257997;S
20240318;100009;584.45;2;9870258000;S
20240318;100009;585.3;1;9870258005;B
20240318;100009;585.3;1;9870258007;B
20240318;100009;584.55;2;9870258011;S
20240318;100009;585.3;3;9870258012;B
20240318;100009;584.55;1;9870258015;S
20240318;100009;584.35;2;9870258020;S
20240318;100009;584.35;2;9870258023;S
20240318;100009;584.35;1;9870258025;S
20240318;100009;585.3;3;9870258026;B
20240318;100009;584.45;2;9870258029;S
20240318;100009;585.3;1;9870258032;B
20240318;100009;585.3;1;9870258033;B
20240318;100009;585.4;1;9870258034;B
20240318;100009;585.4;1;9870258036;B
20240318;100009;584.55;2;9870258043;S
20240318;100009;585.4;1;9870258045;B
20240318;100009;585.4;5;9870258047;B
20240318;100009;585.4;1;9870258048;B
20240318;100009;585.4;1;9870258051;B
20240318;100009;585.4;1;9870258053;B
20240318;100009;585.4;1;9870258055;B
20240318;100009;585.4;2;9870258060;B
20240318;100009;584.65;1;9870258062;S
20240318;100009;584.3;1;9870258066;S
20240318;100009;584.15;3;9870258067;S
20240318;100009;584.05;5;9870258068;S
20240318;100009;584.1;2;9870258070;S
20240318;100009;584.1;7;9870258071;S
20240318;100009;584.1;2;9870258075;S
20240318;100009;585.4;2;9870258078;B
20240318;100009;585.4;1;9870258087;B
20240318;100009;585.4;1;9870258091;B
20240318;100009;585.4;2;9870258093;B
20240318;100009;585.4;1;9870258094;B
20240318;100009;584.25;2;9870258103;S
20240318;100009;584.25;3;9870258104;S
20240318;100009;584.3;2;9870258122;S
20240318;100009;585.4;1;9870258123;B
20240318;100009;584.3;2;9870258124;S
20240318;100009;584.35;2;9870258128;S
20240318;100009;585.4;1;9870258130;B
20240318;100009;584.4;1;9870258136;S
20240318;100009;585.4;2;9870258137;B
20240318;100009;584.4;1;9870258141;S
20240318;100009;584.1;2;9870258156;S
20240318;100009;584.2;1;9870258164;S
20240318;100009;585.4;1;9870258175;B
20240318;100009;585.4;1;9870258183;B
20240318;100009;584.5;4;9870258189;S
20240318;100009;585.4;1;9870258194;B
20240318;100009;585.4;2;9870258197;B
20240318;100009;584.65;2;9870258203;S
20240318;100009;584.15;2;9870258210;S
20240318;100009;584.2;1;9870258221;S
20240318;100009;585.4;1;9870258232;B
20240318;100009;585.4;2;9870258246;B
20240318;100009;585.4;1;9870258269;B
20240318;100009;585.35;2;9870258277;B
20240318;100009;584.5;1;9870258293;S
20240318;100009;584.6;2;9870258300;S
20240318;100009;584.6;2;9870258306;S
20240318;100009;585.3;2;9870258313;B
20240318;100009;585.3;1;9870258323;B
20240318;100009;585.25;1;9870258329;B
20240318;100009;585.25;2;9870258331;B
20240318;100009;584.4;2;9870258335;S
20240318;100010;585.2;2;9870258342;B
20240318;100010;585.2;2;9870258343;B
20240318;100010;584.45;3;9870258344;S
20240318;100010;584.45;2;9870258348;S
20240318;100010;585.2;1;9870258350;B
20240318;100010;584.45;2;9870258357;S
20240318;100010;584.2;1;9870258363;S
20240318;100010;584.5;1;9870258367;S
20240318;100010;584.55;2;9870258370;S
20240318;100010;585.35;2;9870258372;B
20240318;100010;584.55;1;9870258374;S
20240318;100010;585.35;2;9870258375;B
20240318;100010;584.6;1;9870258378;S
20240318;100010;584.6;2;9870258381;S
20240318;100010;584.35;1;9870258388;S
20240318;100010;584.35;2;9870258389;S
20240318;100010;584.35;1;9870258396;S
20240318;100010;585.3;2;9870258400;B
20240318;100010;584.4;1;9870258405;S
20240318;100010;584.4;2;9870258413;S
20240318;100010;584.4;2;9870258415;S
20240318;100010;584.45;2;9870258420;S
20240318;100010;584.45;4;9870258425;S
20240318;100010;584.5;5;9870258431;S
20240318;100010;585.25;3;9870258432;B
20240318;100010;584.5;1;9870258437;S
20240318;100010;584.55;2;9870258440;S
20240318;100010;584.55;2;9870258441;S
20240318;100010;584.55;2;9870258442;S
20240318;100010;584.6;2;9870258451;S
20240318;100010;585.45;2;9870258455;B
20240318;100010;585.45;2;9870258459;B
20240318;100010;584.6;7;9870258460;S
20240318;100010;585.4;1;9870258468;B
20240318;100010;585.4;1;9870258469;B
20240318;100010;585.4;1;9870258473;B
20240318;100010;585.35;2;9870258475;B
20240318;100010;584.6;2;9870258476;S
20240318;100010;584.65;1;9870258480;S
20240318;100010;584.65;2;9870258484;S
20240318;100010;584.65;3;9870258486;S
20240318;100010;584.65;2;9870258489;S
20240318;100010;584.65;1;9870258490;S
20240318;100010;585.35;2;9870258495;B
20240318;100010;585.35;2;9870258496;B
20240318;100010;584.4;3;9870258500;S
20240318;100010;585.3;18;9870258505;B
20240318;100010;584.4;1;9870258510;S
20240318;100010;584.45;2;9870258514;S
20240318;100010;584.45;1;9870258517;S
20240318;100010;584.5;2;9870258521;S
20240318;100010;584.55;1;9870258525;S
20240318;100010;584.55;1;9870258528;S
20240318;100010;585.25;13;9870258534;B
20240318;100010;584.6;1;9870258537;S
20240318;100010;584.6;2;9870258553;S
20240318;100010;584.6;1;9870258554;S
20240318;100010;585.25;2;9870258566;B
20240318;100010;584.6;2;9870258567;S
20240318;100010;584.6;2;9870258571;S
20240318;100010;585.25;1;9870258577;B
20240318;100010;584.6;4;9870258588;S
20240318;100010;585.25;2;9870258601;B
20240318;100010;585.25;2;9870258604;B
20240318;100010;584.6;2;9870258608;S
20240318;100010;584.6;1;9870258610;S
20240318;100010;584.6;2;9870258615;S
20240318;100010;584.6;2;9870258617;S
20240318;100010;584.65;2;9870258622;S
20240318;100010;585.25;1;9870258631;B
20240318;100010;585.25;2;9870258633;B
20240318;100010;585.25;1;9870258643;B
20240318;100010;585.25;2;9870258648;B
20240318;100010;585.25;1;9870258649;B
20240318;100010;585.25;2;9870258653;B
20240318;100010;584.7;2;9870258657;S
20240318;100010;585.35;2;9870258663;B
20240318;100010;585.35;1;9870258664;B
20240318;100010;584.7;2;9870258670;S
20240318;100010;584.7;2;9870258677;S
20240318;100010;585.35;2;9870258679;B
20240318;100010;584.7;2;9870258684;S
20240318;100010;584.7;2;9870258686;S
20240318;100010;585.35;2;9870258694;B
20240318;100010;584.7;2;9870258699;S
20240318;100010;584.7;2;9870258705;S
20240318;100010;584.7;2;9870258724;S
20240318;100010;585.35;2;9870258734;B
20240318;100010;585.35;3;9870258737;B
20240318;100010;584.7;2;9870258746;S
20240318;100010;585.35;2;9870258753;B
20240318;100010;584.7;2;9870258754;S
20240318;100010;585.35;2;9870258762;B
20240318;100010;584.7;2;9870258764;S
20240318;100010;585.35;2;9870258768;B
20240318;100010;584.2;2;9870258772;S
20240318;100010;584.25;2;9870258783;S
20240318;100010;585.3;4;9870258795;B
20240318;100010;584.3;1;9870258798;S
20240318;100010;584.3;1;9870258799;S
20240318;100010;585.25;1;9870258808;B
20240318;100010;584.4;3;9870258810;S
20240318;100010;585.25;1;9870258814;B
20240318;100010;584.5;2;9870258817;S
20240318;100010;584.5;2;9870258820;S
20240318;100010;585.25;2;9870258826;B
20240318;100010;584.55;2;9870258828;S
20240318;100010;584.6;2;9870258837;S
20240318;100010;584.6;2;9870258841;S
20240318;100010;584.45;1;9870258847;S
20240318;100010;584.5;2;9870258855;S
20240318;100010;584.5;2;9870258861;S
20240318;100010;585.25;1;9870258865;B
20240318;100010;585.25;1;9870258870;B
20240318;100010;584.6;3;9870258874;S
20240318;100010;585.25;1;9870258879;B
20240318;100010;585.25;1;9870258880;B
20240318;100010;585.25;1;9870258884;B
20240318;100010;584.5;1;9870258888;S
20240318;100010;584.5;2;9870258890;S
20240318;100010;585.25;1;9870258897;B
20240318;100010;584.55;1;9870258898;S
20240318;100010;584.6;1;9870258904;S
20240318;100010;584.6;2;9870258908;S
20240318;100010;585.25;2;9870258909;B
20240318;100010;584.65;1;9870258919;S
20240318;100010;584.65;1;9870258924;S
20240318;100010;585.25;1;9870258929;B
20240318;100010;584.3;2;9870258934;S
20240318;100010;585.25;1;9870258935;B
20240318;100010;584.35;2;9870258940;S
20240318;100010;585.25;1;9870258942;B
20240318;100010;585.25;2;9870258946;B
20240318;100010;584.4;2;9870258947;S
20240318;100010;585.2;2;9870258949;B
20240318;100010;584.4;2;9870258955;S
20240318;100010;584.4;2;9870258956;S
20240318;100010;585.2;1;9870258959;B
20240318;100010;585.2;1;9870258961;B
20240318;100010;584.5;2;9870258964;S
20240318;100010;585.2;1;9870258968;B
20240318;100010;584.1;1;9870258972;S
20240318;100010;584.55;50;9870258975;S
20240318;100010;584.55;2;9870258977;S
20240318;100010;585.15;2;9870258979;B
20240318;100010;584.6;2;9870258987;S
20240318;100010;585.15;3;9870258989;B
20240318;100010;584.6;1;9870259002;S
20240318;100010;584.6;2;9870259007;S
20240318;100010;585.15;2;9870259013;B
20240318;100010;584.3;2;9870259018;S
20240318;100010;584.3;1;9870259021;S
20240318;100010;584.4;1;9870259030;S
20240318;100010;584.45;2;9870259036;S
20240318;100010;585.25;2;9870259039;B
20240318;100010;584.5;1;9870259045;S
20240318;100010;585.25;1;9870259051;B
20240318;100010;585.25;1;9870259058;B
20240318;100010;585.25;2;9870259063;B
20240318;100010;585.25;2;9870259073;B
20240318;100010;584.6;2;9870259078;S
20240318;100010;584.6;1;9870259087;S
20240318;100010;584.3;1;9870259095;S
20240318;100010;584.35;2;9870259098;S
20240318;100010;584.4;1;9870259104;S
20240318;100010;585.25;2;9870259109;B
20240318;100010;585.25;2;9870259117;B
20240318;100010;584.5;2;9870259123;S
20240318;100010;585.25;1;9870259125;B
20240318;100010;584.25;1;9870259134;S
20240318;100010;585.2;2;9870259142;B
20240318;100010;585.2;2;9870259152;B
20240318;100010;584.6;2;9870259162;S
20240318;100010;585.45;1;9870259166;B
20240318;100010;585.3;1;9870259168;B
20240318;100010;585.3;1;9870259176;B
20240318;100010;585.3;1;9870259194;B
20240318;100010;585.25;1;9870259206;B
20240318;100010;585.25;2;9870259209;B
20240318;100010;584.35;2;9870259221;S
20240318;100010;585.2;2;9870259226;B
20240318;100010;585.2;1;9870259230;B
20240318;100010;584.5;1;9870259237;S
20240318;100010;585.2;1;9870259243;B
20240318;100010;585.2;2;9870259252;B
20240318;100010;585.2;2;9870259256;B
20240318;100010;584.3;2;9870259259;S
20240318;100010;584.4;2;9870259263;S
20240318;100010;585.4;3;9870259290;B
20240318;100010;584.55;1;9870259517;S
20240318;100010;584.55;2;9870259788;S
20240318;100010;585.25;1;9870259789;B
20240318;100010;585.25;1;9870259791;B
20240318;100010;585.2;2;9870259794;B
20240318;100010;585.2;2;9870259796;B
20240318;100010;584.35;1;9870259800;S
20240318;100010;585.3;1;9870259801;B
20240318;100010;585.3;1;9870259806;B
20240318;100010;584.55;2;9870259808;S
20240318;100010;585.3;1;9870259810;B
20240318;100010;584.6;2;9870259812;S
20240318;100010;584.6;4;9870259813;S
20240318;100010;585.35;1;9870259820;B
20240318;100010;584.4;2;9870259822;S
20240318;100010;585.3;2;9870259825;B
20240318;100010;584.45;2;9870259827;S
20240318;100010;585.45;2;9870259830;B
20240318;100010;585.35;2;9870259834;B
20240318;100010;584.55;2;9870259835;S
20240318;100010;585.35;2;9870259836;B
20240318;100010;585.35;2;9870259840;B
20240318;100010;584.6;1;9870259842;S
20240318;100010;584.6;1;9870259844;S
20240318;100010;585.4;1;9870259846;B
20240318;100010;585.45;1;9870259848;B
20240318;100010;585.45;1;9870259850;B
20240318;100010;584.6;10;9870259851;S
20240318;100010;584.6;2;9870259853;S
20240318;100010;585.4;1;9870259855;B
20240318;100010;585.35;1;9870259860;B
20240318;100010;584.4;10;9870259861;S
20240318;100010;585.35;2;9870259864;B
20240318;100010;585.35;1;9870259865;B
20240318;100010;585.3;1;9870259868;B
20240318;100010;584.45;2;9870259869;S
20240318;100010;584.5;2;9870259870;S
20240318;100010;585.3;2;9870259874;B
20240318;100010;585.3;1;9870259875;B
20240318;100010;585.25;1;9870259878;B
20240318;100010;584.4;2;9870259880;S
20240318;100010;584.4;1;9870259888;S
20240318;100010;585.25;2;9870259889;B
20240318;100010;585.25;3;9870259892;B
20240318;100010;584.45;2;9870259907;S
20240318;100010;584.45;1;9870259908;S
20240318;100010;584.45;1;9870259909;S
20240318;100010;585.25;2;9870259910;B
20240318;100010;584.5;1;9870259914;S
20240318;100010;585.45;2;9870259915;B
20240318;100010;584.55;2;9870259917;S
20240318;100010;584.55;2;9870259918;S
20240318;100010;585.35;10;9870259920;B
20240318;100010;584.6;2;9870259922;S
20240318;100010;584.6;2;9870259925;S
20240318;100010;585.35;2;9870259926;B
20240318;100010;585.35;2;9870260147;B
20240318;100010;584.65;2;9870260148;S
20240318;100010;584.65;1;9870260153;S
20240318;100010;584.65;2;9870260156;S
20240318;100010;584.65;2;9870260157;S
20240318;100010;584.65;2;9870260159;S
20240318;100010;585.35;1;9870260162;B
20240318;100010;584.65;2;9870260166;S
20240318;100010;585.35;1;9870260168;B
20240318;100010;584.65;2;9870260172;S
20240318;100010;584.65;3;9870260174;S
20240318;100010;585.35;2;9870260179;B
20240318;100010;584.65;2;9870260180;S
20240318;100010;585.35;1;9870260189;B
20240318;100010;585.35;2;9870260190;B
20240318;100010;584.65;3;9870260192;S
20240318;100010;584.65;1;9870260197;S
20240318;100010;584.65;1;9870260203;S
20240318;100010;584.65;2;9870260204;S
20240318;100010;585.35;2;9870260205;B
20240318;100010;585.35;2;9870260209;B
20240318;100010;585.35;1;9870260211;B
20240318;100010;585.35;2;9870260217;B
20240318;100010;584.65;2;9870260228;S
20240318;100010;585.3;1;9870260231;B
20240318;100010;584.65;1;9870260233;S
20240318;100010;585.3;2;9870260234;B
20240318;100010;584.7;1;9870260238;S
20240318;100010;585.3;1;9870260241;B
20240318;100010;584.7;2;9870260242;S
20240318;100010;585.3;1;9870260243;B
20240318;100010;585.3;2;9870260248;B
20240318;100010;584.7;1;9870260253;S
20240318;100010;584.7;2;9870260258;S
20240318;100010;585.3;1;9870260261;B
20240318;100010;584.7;2;9870260266;S
20240318;100010;584.7;2;9870260271;S
20240318;100010;584.7;2;9870260273;S
20240318;100010;584.7;2;9870260279;S
20240318;100010;584.7;1;9870260286;S
20240318;100010;585.3;2;9870260290;B
20240318;100010;584.7;13;9870260292;S
20240318;100010;584.65;5;9870260293;S
20240318;100010;585.3;1;9870260297;B
20240318;100010;584.65;2;9870260300;S
20240318;100010;585.3;1;9870260306;B
20240318;100010;585.3;10;9870260312;B
20240318;100010;585.3;2;9870260313;B
20240318;100010;585.3;1;9870260322;B
20240318;100010;585.3;1;9870260341;B
20240318;100010;584.7;2;9870260343;S
20240318;100010;584.7;2;9870260348;S
20240318;100010;584.7;2;9870260350;S
20240318;100010;584.7;1;9870260351;S
20240318;100010;584.7;2;9870260354;S
20240318;100010;584.7;2;9870260356;S
20240318;100010;585.3;1;9870260359;B
20240318;100010;584.7;1;9870260607;S
20240318;100011;585;1;9870260905;B
20240318;100011;584.7;1;9870260906;S
20240318;100011;584.7;2;9870260907;S
20240318;100011;584.55;2;9870260911;S
20240318;100011;584.6;1;9870260913;S
20240318;100011;584.6;2;9870260914;S
20240318;100011;584.6;2;9870260915;S
20240318;100011;585.3;1;9870260919;B
20240318;100011;584.6;2;9870260920;S
20240318;100011;584.6;1;9870260922;S
20240318;100011;585.25;2;9870260926;B
20240318;100011;584.6;2;9870260927;S
20240318;100011;584.6;2;9870260934;S
20240318;100011;584.6;2;9870260937;S
20240318;100011;584.6;1;9870260938;S
20240318;100011;585.25;2;9870260946;B
20240318;100011;584.6;2;9870260948;S
20240318;100011;585.25;1;9870260949;B
20240318;100011;584.6;3;9870260952;S
20240318;100011;585.25;2;9870260954;B
20240318;100011;584.6;1;9870260955;S
20240318;100011;585.25;1;9870260956;B
20240318;100011;584.6;7;9870260959;S
20240318;100011;584.55;172;9870260960;S
20240318;100011;584.55;1;9870260961;S
20240318;100011;585.25;1;9870260968;B
20240318;100011;584.55;2;9870260969;S
20240318;100011;584.55;2;9870260970;S
20240318;100011;584.55;2;9870260971;S
20240318;100011;585.25;2;9870260976;B
20240318;100011;585.25;1;9870260979;B
20240318;100011;584.55;2;9870260982;S
20240318;100011;585.25;2;9870260985;B
20240318;100011;584.55;2;9870260986;S
20240318;100011;584.55;2;9870260988;S
20240318;100011;584.55;2;9870260991;S
20240318;100011;584.55;2;9870260992;S
20240318;100011;584.55;4;9870260995;S
20240318;100011;584.55;1;9870260996;S
20240318;100011;584.55;2;9870260998;S
20240318;100011;584.55;2;9870260999;S
20240318;100011;585.25;1;9870261002;B
20240318;100011;585.25;2;9870261003;B
20240318;100011;585.25;2;9870261006;B
20240318;100011;584.55;2;9870261008;S
20240318;100011;584.55;8;9870261009;S
20240318;100011;585.25;2;9870261010;B
20240318;100011;584.55;1;9870261012;S
20240318;100011;584.55;2;9870261013;S
20240318;100011;584.55;2;9870261014;S
20240318;100011;584.55;2;9870261015;S
20240318;100011;584.55;2;9870261023;S
20240318;100011;584.55;2;9870261024;S
20240318;100011;584.55;2;9870261025;S
20240318;100011;585.25;7;9870261026;B
20240318;100011;584.55;2;9870261027;S
20240318;100011;584.55;8;9870261028;S
20240318;100011;584.55;3;9870261029;S
20240318;100011;584.55;2;9870261030;S
20240318;100011;585.25;1;9870261032;B
20240318;100011;585.25;2;9870261033;B
20240318;100011;585.25;1;9870261281;B
20240318;100011;584.55;13;9870261385;S
20240318;100011;584.5;63;9870261386;S
20240318;100011;584.5;5;9870261441;S
20240318;100011;584.55;2;9870261943;S
20240318;100012;584.55;2;9870262157;S
20240318;100012;585.15;1;9870262287;B
20240318;100012;585.15;1;9870262289;B
20240318;100012;584.55;1;9870262291;S
20240318;100012;585.15;2;9870262298;B
20240318;100012;585.15;2;9870262301;B
20240318;100012;584.55;1;9870262303;S
20240318;100012;585.15;2;9870262305;B
20240318;100012;584.55;2;9870262307;S
20240318;100012;584.55;2;9870262313;S
20240318;100012;585.15;2;9870262319;B
20240318;100012;584.55;2;9870262323;S
20240318;100012;584.55;2;9870262325;S
20240318;100012;585.15;1;9870262329;B
20240318;100012;584.55;2;9870262336;S
20240318;100012;584.55;2;9870262343;S
20240318;100012;584.55;2;9870262347;S
20240318;100012;584.55;2;9870262352;S
20240318;100012;585.15;1;9870262361;B
20240318;100012;585.15;1;9870262366;B
20240318;100012;584.55;2;9870262370;S
20240318;100012;584.55;2;9870262373;S
20240318;100012;585.15;1;9870262375;B
20240318;100012;585.15;1;9870262381;B
20240318;100012;584.55;2;9870262403;S
20240318;100012;584.5;2;9870262413;S
20240318;100012;585.15;1;9870262418;B
20240318;100012;585.15;2;9870262422;B
20240318;100012;585.15;3;9870262424;B
20240318;100013;585.15;8;9870263060;B
20240318;100013;585.15;542;9870263061;B
20240318;100014;584.55;1;9870263261;S
20240318;100015;585.1;29;9870263589;B
20240318;100015;585.1;3;9870263590;B
20240318;100015;585.15;231;9870263591;B
20240318;100015;584.6;1;9870263639;S
20240318;100016;584.6;2;9870263799;S
20240318;100016;584.95;4;9870264051;B
20240318;100017;584.65;5;9870264161;S
20240318;100017;584.6;2;9870264162;S
20240318;100017;584.5;22;9870264163;S
20240318;100018;584.95;10;9870264560;B
20240318;100020;584.95;15;9870264926;B
20240318;100020;585;137;9870264931;B
20240318;100020;584.95;28;9870264935;B
20240318;100020;585;8;9870264936;B
20240318;100020;584.9;1;9870265110;S
20240318;100021;584.95;100;9870265273;B
20240318;100021;585;4;9870265312;S
20240318;100023;585.15;35;9870265761;B
20240318;100024;585.1;12;9870266265;S
20240318;100024;585.15;65;9870266381;B
20240318;100024;585.15;100;9870266382;B
20240318;100024;585.15;100;9870266383;B
20240318;100025;585.25;28;9870266436;B
20240318;100025;585.25;28;9870266437;B
20240318;100025;585.25;28;9870266438;B
20240318;100025;585.25;16;9870266439;B
20240318;100025;585.25;100;9870266480;B
20240318;100025;585.35;1;9870266690;B
20240318;100025;585.4;3;9870266830;B
20240318;100028;585.25;3;9870267651;S
20240318;100028;585.4;1;9870267671;B
20240318;100028;585.4;2;9870267699;B
20240318;100028;585.4;5;9870267881;B
20240318;100029;585.4;17;9870268106;B
20240318;100029;585.45;20;9870268269;B
20240318;100029;585.45;407;9870268339;B
20240318;100030;585.45;151;9870268397;B
20240318;100030;585.45;276;9870268398;B
20240318;100030;585.5;100;9870268603;B
20240318;100030;585.5;13;9870268604;B
20240318;100030;585.55;83;9870268605;B
20240318;100030;585.55;17;9870268606;B
20240318;100030;585.55;28;9870268607;B
20240318;100030;585.55;110;9870268678;B
20240318;100031;585.6;58;9870268902;B
20240318;100031;585.6;42;9870268903;B
20240318;100031;585.6;1;9870268904;B
20240318;100031;585.6;426;9870268905;B
20240318;100031;585.6;461;9870268906;B
20240318;100031;585.6;8;9870269116;S
20240318;100031;585.6;9;9870269120;S
20240318;100032;585.7;10;9870269329;B
20240318;100032;585.65;1;9870269430;S
20240318;100032;585.75;2;9870269564;B
20240318;100032;585.75;11;9870269565;B
20240318;100033;585.65;3;9870269738;S
20240318;100034;585.75;5;9870269937;B
20240318;100034;585.65;2;9870270170;S
20240318;100035;585.65;5;9870270253;S
20240318;100035;585.65;3;9870270444;S
20240318;100037;585.75;1;9870271299;B
20240318;100038;585.75;1;9870271938;B
20240318;100040;585.75;10;9870272597;B
20240318;100041;585.75;409;9870272750;B
20240318;100041;585.8;2;9870272912;B
20240318;100041;585.8;2;9870272913;B
20240318;100041;585.8;16;9870272914;B
20240318;100041;585.8;44;9870272915;B
20240318;100041;585.8;137;9870272916;B
20240318;100041;585.8;136;9870272920;B
20240318;100041;585.85;1;9870273182;B
20240318;100041;585.8;1;9870273246;S
20240318;100042;585.8;1;9870273414;S
20240318;100042;585.85;1;9870273612;B
20240318;100042;585.85;1;9870273613;B
20240318;100042;585.85;3;9870273614;B
20240318;100042;585.85;137;9870273615;B
20240318;100042;585.85;37;9870273616;B
20240318;100043;585.85;389;9870273664;B
20240318;100043;585.85;136;9870273665;B
20240318;100043;585.9;2;9870273920;B
20240318;100043;585.9;1;9870274014;B
20240318;100044;585.85;1;9870274185;S
20240318;100044;585.9;3;9870274267;B
20240318;100044;585.85;5;9870274312;S
20240318;100044;585.9;36;9870274383;B
20240318;100044;585.9;201;9870274384;B
20240318;100045;585.85;1;9870274562;S
20240318;100045;585.9;34;9870274663;B
20240318;100045;585.85;4;9870274669;S
20240318;100046;585.85;2;9870275318;S
20240318;100047;585.85;2;9870275379;S
20240318;100047;585.9;33;9870275488;B
20240318;100047;585.9;1;9870275611;B
20240318;100047;585.9;1;9870275614;B
20240318;100047;585.85;1;9870275623;S
20240318;100047;585.85;2;9870275666;S
20240318;100048;585.85;1;9870275966;S
20240318;100049;585.9;30;9870276457;B
20240318;100050;585.9;1000;9870276616;B
20240318;100050;585.9;1;9870276617;B
20240318;100050;585.9;921;9870276618;B
20240318;100050;585.9;4;9870276619;B
20240318;100050;585.9;100;9870276620;B
20240318;100050;585.9;100;9870276621;B
20240318;100050;585.9;100;9870276622;B
20240318;100050;585.95;100;9870276623;B
20240318;100050;585.95;2;9870276624;B
20240318;100050;585.95;100;9870276625;B
20240318;100050;585.95;136;9870276626;B
20240318;100050;586;2;9870276657;B
20240318;100050;586;650;9870276658;B
20240318;100050;586;2;9870276659;B
20240318;100050;586;1;9870276660;B
20240318;100050;586;1;9870276661;B
20240318;100050;586;2;9870276662;B
20240318;100050;586;5;9870276663;B
20240318;100050;586;1;9870276664;B
20240318;100050;586;15;9870276665;B
20240318;100050;586;6;9870276666;B
20240318;100050;586;30;9870276667;B
20240318;100050;586;20;9870276668;B
20240318;100050;586;50;9870276669;B
20240318;100050;586;100;9870276670;B
20240318;100050;586;136;9870276671;B
20240318;100050;586;1;9870276672;B
20240318;100050;586.05;2;9870276675;B
20240318;100050;586.05;30;9870276676;B
20240318;100050;586.05;8;9870276677;B
20240318;100050;586.05;10;9870276678;B
20240318;100050;586;10;9870276728;B
20240318;100050;586;5;9870276754;B
20240318;100051;586.1;1;9870276995;B
20240318;100051;586.15;1;9870276996;B
20240318;100051;586.15;22;9870276997;B
20240318;100051;586;99;9870277009;S
20240318;100051;586;2;9870277045;S
20240318;100051;586;80;9870277049;S
20240318;100051;586;10;9870277058;S
20240318;100051;586;253;9870277060;S
20240318;100051;586;50;9870277061;S
20240318;100051;586;3;9870277062;B
20240318;100051;586;18;9870277063;B
20240318;100051;586;47;9870277064;B
20240318;100051;586;2;9870277081;S
20240318;100051;586.2;1;9870277134;B
20240318;100051;586.2;3;9870277135;B
20240318;100051;586.2;1;9870277136;B
20240318;100051;586.2;2;9870277137;B
20240318;100051;586.2;30;9870277138;B
20240318;100051;586.15;1000;9870277140;S
20240318;100051;586.25;1;9870277145;B
20240318;100051;586.25;36;9870277146;B
20240318;100051;586.25;14;9870277147;B
20240318;100051;586.3;1;9870277148;B
20240318;100051;586.3;30;9870277149;B
20240318;100051;586.3;55;9870277150;B
20240318;100051;585.95;2;9870277164;S
20240318;100051;585.95;8;9870277165;S
20240318;100052;585.95;17;9870277360;S
20240318;100052;586;5;9870277423;S
20240318;100052;586.2;1;9870277463;B
20240318;100052;586.25;8;9870277464;B
20240318;100052;586.3;24;9870277465;B
20240318;100052;586.3;17;9870277579;B
20240318;100052;586.35;1;9870277580;B
20240318;100052;586.35;50;9870277581;B
20240318;100052;586.35;128;9870277582;B
20240318;100053;586.35;3;9870277781;B
20240318;100053;586.35;99;9870277832;B
20240318;100053;586.35;11;9870277866;B
20240318;100053;586.1;1;9870278015;S
20240318;100054;586.2;1;9870278275;S
20240318;100054;586.1;5;9870278276;S
20240318;100054;586.1;35;9870278428;S
20240318;100054;586.35;185;9870278452;B
20240318;100054;586.35;50;9870278453;B
20240318;100055;586.35;1;9870278509;S
20240318;100055;586.4;1;9870278510;B
20240318;100055;586.4;2;9870278544;B
20240318;100055;586.35;1;9870278565;S
20240318;100055;586.35;60;9870278591;S
20240318;100055;586.4;6;9870278598;B
20240318;100055;586.35;1;9870278698;S
20240318;100055;586.35;100;9870278710;S
20240318;100055;586.4;92;9870278722;B
20240318;100055;586.4;50;9870278723;B
20240318;100055;586.45;1;9870278724;B
20240318;100055;586.45;1;9870278725;B
20240318;100055;586.45;4;9870278726;B
20240318;100055;586.45;28;9870278727;B
20240318;100055;586.45;369;9870279103;B
20240318;100057;586.45;8;9870279526;B
20240318;100057;586.35;1;9870279666;S
20240318;100057;586.35;10;9870279858;S
20240318;100057;586.45;499;9870279875;B
20240318;100059;586.4;136;9870280332;B
20240318;100059;586.45;64;9870280333;B
20240318;100059;586.35;1;9870280405;S
20240318;100059;586.4;1;9870280406;B
20240318;100059;586.35;5;9870280464;S
20240318;100100;586.4;135;9870280595;B
20240318;100100;586.4;1;9870280631;S
20240318;100100;586.45;2;9870280648;B
20240318;100101;586.45;631;9870281023;B
20240318;100101;586.4;2;9870281054;S
20240318;100101;586.4;136;9870281208;B
20240318;100101;586.4;200;9870281294;S
20240318;100102;586.45;3;9870281543;B
20240318;100102;586.4;136;9870281558;B
20240318;100102;586.45;295;9870281559;B
20240318;100102;586.4;2;9870281575;B
20240318;100104;586.35;1;9870281928;S
20240318;100104;586.35;122;9870282115;S
20240318;100104;586.3;5;9870282158;B
20240318;100104;586.3;6;9870282272;B
20240318;100105;586.25;10;9870282655;B
20240318;100106;586.2;308;9870282984;S
20240318;100106;586.2;1;9870283092;S
20240318;100107;586.2;1;9870283520;S
20240318;100107;586.25;50;9870283565;B
20240318;100108;586.15;1;9870283726;S
20240318;100108;586.1;2;9870283727;S
20240318;100108;586.1;2;9870283731;S
20240318;100108;586.1;5;9870283732;S
20240318;100108;586.1;5;9870283733;S
20240318;100108;586.1;5;9870283734;S
20240318;100108;586.1;28;9870283735;S
20240318;100108;586.05;15;9870283736;S
20240318;100108;586.05;5;9870283837;S
20240318;100108;586.2;28;9870283838;B
20240318;100109;586.25;3;9870284121;B
20240318;100110;586.05;341;9870284250;S
20240318;100110;586;3;9870284251;S
20240318;100110;586;28;9870284252;S
20240318;100110;586;50;9870284253;S
20240318;100110;586;75;9870284254;S
20240318;100110;585.95;5;9870284255;S
20240318;100110;585.95;1;9870284256;S
20240318;100110;585.9;385;9870284257;S
20240318;100110;585.9;28;9870284502;S
20240318;100110;585.85;1;9870284503;S
20240318;100110;585.85;6;9870284504;S
20240318;100110;585.85;4;9870284505;S
20240318;100110;585.85;2;9870284506;S
20240318;100110;585.85;9;9870284507;S
20240318;100111;586.1;1;9870284704;B
20240318;100113;586.1;20;9870285226;B
20240318;100113;585.9;3;9870285231;S
20240318;100114;586.1;1;9870285585;B
20240318;100115;586;50;9870285862;B
20240318;100115;586;2;9870285945;B
20240318;100116;585.9;4;9870286305;B
20240318;100119;585.9;1;9870287098;B
20240318;100119;585.9;10;9870287128;B
20240318;100120;585.9;2;9870287301;B
20240318;100120;585.9;1;9870287409;B
20240318;100121;585.9;130;9870287469;B
20240318;100121;585.9;50;9870287517;B
20240318;100121;585.9;10;9870287518;B
20240318;100121;585.95;73;9870287519;B
20240318;100121;586;202;9870287520;B
20240318;100121;586;45;9870287585;B
20240318;100121;586;28;9870287586;B
20240318;100121;586;1;9870287587;B
20240318;100121;586.1;136;9870287588;B
20240318;100121;586.15;136;9870287589;B
20240318;100121;586.15;1;9870287590;B
20240318;100121;586.15;6;9870287669;B
20240318;100121;586.25;151;9870287707;B
20240318;100121;586.25;1;9870287708;B
20240318;100121;586.25;1;9870287709;B
20240318;100121;586.25;50;9870287710;B
20240318;100121;586.3;1;9870287757;B
20240318;100121;586.3;115;9870287758;B
20240318;100121;586.3;35;9870287889;B
20240318;100125;586.3;119;9870289023;B
20240318;100125;586.35;10;9870289028;B
20240318;100125;586.35;4;9870289029;B
20240318;100125;586.35;1;9870289030;B
20240318;100125;586.35;136;9870289031;B
20240318;100125;586.4;1;9870289033;B
20240318;100125;586.4;136;9870289034;B
20240318;100125;586.4;100;9870289035;S
20240318;100125;586.25;50;9870289037;S
20240318;100125;586.25;50;9870289038;B
20240318;100125;586.45;268;9870289039;B
20240318;100125;586.35;34;9870289181;B
20240318;100126;586.35;3;9870289397;B
20240318;100127;586.1;1;9870289960;S
20240318;100128;586.3;1;9870290069;B
20240318;100128;586.3;1;9870290070;B
20240318;100130;586.25;1;9870290553;B
20240318;100131;586.15;30;9870290829;S
20240318;100134;586.25;24;9870291815;B
20240318;100134;586.3;4;9870291816;B
20240318;100134;586.25;1;9870291839;B
20240318;100134;586.1;6;9870291906;S
20240318;100134;586.1;2;9870291932;S
20240318;100135;586.2;28;9870292203;B
20240318;100135;586.2;2;9870292226;B
20240318;100137;586.1;3;9870292497;S
20240318;100137;586.1;50;9870292541;S
20240318;100138;586.15;1;9870292763;B
20240318;100139;586.1;5;9870292969;S
20240318;100139;586.1;15;9870293008;S
20240318;100140;586.1;34;9870293170;S
20240318;100140;586.1;2;9870293218;S
20240318;100141;586.1;2;9870293391;S
20240318;100142;586.15;2;9870293510;S
20240318;100142;586.1;38;9870293511;S
20240318;100142;586.2;5;9870293583;B
20240318;100142;586.25;1;9870293744;B
20240318;100143;586.25;25;9870293834;B
20240318;100143;586.1;75;9870293862;S
20240318;100143;586.25;5;9870293869;B
20240318;100144;586.25;7;9870294101;B
20240318;100146;586.15;1;9870294605;B
20240318;100147;586.1;1;9870294774;S
20240318;100147;586.15;3;9870294776;B
20240318;100148;586.1;18;9870295137;S
20240318;100149;586.1;13;9870295249;S
20240318;100149;586.1;3;9870295271;S
20240318;100151;586.15;2;9870295952;B
20240318;100151;586.15;1;9870295971;B
20240318;100151;586.1;3;9870295978;S
20240318;100151;586.1;4;9870295988;S
20240318;100151;586.15;1;9870296042;B
20240318;100151;586.1;5;9870296102;S
20240318;100152;586.1;5;9870296344;S
20240318;100152;586.15;2;9870296367;B
20240318;100152;586.2;1;9870296368;B
20240318;100153;586.15;1;9870296517;S
20240318;100154;586.15;3;9870296862;S
20240318;100154;586.15;1;9870296906;S
20240318;100154;586.15;2;9870296981;S
20240318;100155;586.15;33;9870297083;S
20240318;100155;586.15;33;9870297196;S
20240318;100156;586.2;3;9870297548;B
20240318;100156;586.2;3;9870297569;B
20240318;100156;586.15;1;9870297571;S
20240318;100157;586.15;1;9870298188;S
20240318;100157;586.2;15;9870298235;B
