<DATE>;<TIME>;<LAST>;<VOL>;<ID>;<OPER>
20240507;095952;579.15;1;10297372861;S
20240507;095952;579.15;2;10297372862;B
20240507;095952;579.15;2;10297372863;B
20240507;095952;579.15;1;10297372864;B
20240507;095952;579.15;4;10297372865;B
20240507;095952;579.15;1;10297372866;B
20240507;095952;579.15;5;10297372867;B
20240507;095952;579.15;1;10297372868;B
20240507;095952;579.15;1;10297372869;B
20240507;095952;579.15;2;10297372870;B
20240507;095952;579.15;1;10297372871;B
20240507;095952;579.15;1;10297372872;B
20240507;095952;579.15;4;10297372873;B
20240507;095952;579.15;1;10297372874;B
20240507;095952;579.15;1;10297372875;B
20240507;095952;579.15;15;10297372876;B
20240507;095952;579.15;3;10297372877;B
20240507;095952;579.15;3;10297372878;B
20240507;095952;579.15;5;10297372879;B
20240507;095952;579.15;3;10297372880;B
20240507;095952;579.15;125;10297372881;B
20240507;095952;579.15;1;10297372882;B
20240507;095952;579.15;363;10297372883;B
20240507;095952;579.15;1;10297372884;S
20240507;095952;579.15;10;10297372885;B
20240507;095952;579.15;290;10297372886;S
20240507;095952;579.15;4;10297372887;S
20240507;095952;579.15;2;10297372888;S
20240507;095952;579.15;9;10297372889;S
20240507;095952;579.15;95;10297372890;S
20240507;095952;579.15;5;10297372891;S
20240507;095952;579.15;2;10297372892;S
20240507;095952;579.15;1;10297372893;B
20240507;095952;579.15;1;10297372894;B
20240507;095952;579.15;100;10297372895;S
20240507;095952;579.15;10;10297372896;S
20240507;095952;579.15;3;10297372897;S
20240507;095952;579.15;1;10297372898;B
20240507;095952;579.15;2;10297372899;B
20240507;095952;579.15;4;10297372900;B
20240507;095952;579.15;2;10297372901;B
20240507;095952;579.15;1;10297372902;B
20240507;095952;579.15;1;10297372903;B
20240507;095952;579.15;1;10297372904;B
20240507;095952;579.15;1;10297372905;B
20240507;095952;579.15;2;10297372906;B
20240507;095952;579.15;1;10297372907;B
20240507;095952;579.15;1;10297372908;B
20240507;095952;579.15;1;10297372909;B
20240507;095952;579.15;14;10297372910;B
20240507;095952;579.15;34;10297372911;B
20240507;095952;579.15;2;10297372912;B
20240507;095952;579.15;1;10297372913;B
20240507;095952;579.15;20;10297372914;B
20240507;095952;579.15;1;10297372915;B
20240507;095952;579.15;10;10297372916;B
20240507;095952;579.15;108;10297372917;B
20240507;095952;579.15;1;10297372918;S
20240507;095952;579.15;4;10297372919;S
20240507;095952;579.15;15;10297372920;S
20240507;095952;579.15;4;10297372921;B
20240507;095952;579.15;50;10297372922;S
20240507;095952;579.15;2;10297372923;B
20240507;095952;579.15;3;10297372924;B
20240507;095952;579.15;3;10297372925;B
20240507;095952;579.15;2;10297372926;B
20240507;095952;579.15;2;10297372927;B
20240507;095952;579.15;1;10297372928;B
20240507;095952;579.15;1;10297372929;B
20240507;095952;579.15;1;10297372930;B
20240507;095952;579.15;500;10297372931;B
20240507;095952;579.15;3;10297372932;B
20240507;095952;579.15;10;10297372933;B
20240507;095952;579.15;40;10297372934;B
20240507;095952;579.15;2;10297372935;B
20240507;095952;579.15;2;10297372936;B
20240507;095952;579.15;1;10297372937;B
20240507;095952;579.15;1;10297372938;B
20240507;095952;579.15;54;10297372939;B
20240507;095952;579.15;1;10297372940;B
20240507;095952;579.15;10;10297372941;B
20240507;095952;579.15;4;10297372942;B
20240507;095952;579.15;41;10297372943;B
20240507;095952;579.15;20;10297372944;B
20240507;095952;579.15;2;10297372945;B
20240507;095952;579.15;5;10297372946;B
20240507;095952;579.15;2;10297372947;B
20240507;095952;579.15;89;10297372948;B
20240507;095952;579.15;775;10297372949;B
20240507;095952;579.15;80;10297372950;B
20240507;095952;579.15;64;10297372951;B
20240507;095952;579.15;18;10297372952;B
20240507;100000;579.2;1;10297374622;B
20240507;100000;579.6;25;10297375107;S
20240507;100000;579.75;1;10297375158;B
20240507;100000;579.95;16;10297375181;B
20240507;100000;580;484;10297375182;B
20240507;100000;579.95;50;10297375424;B
20240507;100000;579.9;4;10297375786;B
20240507;100001;579.95;413;10297375971;B
20240507;100001;579.95;300;10297375982;B
20240507;100001;579.95;100;10297375992;B
20240507;100001;579.95;187;10297375994;B
20240507;100001;580;16;10297376115;B
20240507;100001;580;1;10297376116;B
20240507;100001;580;1;10297376117;B
20240507;100001;580;1;10297376118;B
20240507;100001;580.05;31;10297376119;B
20240507;100001;580.05;30;10297376124;B
20240507;100001;580.1;1;10297376125;B
20240507;100001;580.25;1;10297376126;B
20240507;100001;580.4;8;10297376127;B
20240507;100001;580.4;20;10297376132;B
20240507;100001;580.4;30;10297376133;B
20240507;100001;580.5;1;10297376198;B
20240507;100001;580.55;9;10297376199;B
20240507;100001;580.55;164;10297376201;B
20240507;100001;580.55;136;10297376202;S
20240507;100001;580.55;1;10297376203;S
20240507;100001;580.55;39;10297376204;S
20240507;100001;580.65;10;10297376205;B
20240507;100001;580.65;20;10297376279;B
20240507;100001;580.65;20;10297376280;B
20240507;100001;580.65;10;10297376304;B
20240507;100001;580.55;1;10297376305;S
20240507;100001;580.55;1;10297376451;S
20240507;100002;580.65;158;10297376631;B
20240507;100002;580.65;20;10297376658;B
20240507;100002;580.65;3;10297376694;B
20240507;100002;580.65;10;10297376723;B
20240507;100002;580.65;136;10297376772;B
20240507;100002;580.65;44;10297376773;B
20240507;100002;580.75;20;10297376774;B
20240507;100002;580.6;10;10297376836;S
20240507;100002;580.75;10;10297376837;B
20240507;100002;580.75;10;10297376850;B
20240507;100002;580.55;8;10297377323;S
20240507;100002;580.55;5;10297377472;S
20240507;100002;580.55;1;10297377486;S
20240507;100002;580.7;1;10297377508;B
20240507;100002;580.55;1;10297377552;S
20240507;100003;580.55;1;10297377664;S
20240507;100003;580.55;6;10297377773;S
20240507;100003;580.55;4;10297377777;S
20240507;100003;580.55;74;10297378196;S
20240507;100003;580.4;14;10297378197;S
20240507;100003;580.35;10;10297378280;B
20240507;100003;580.1;1;10297378316;S
20240507;100004;580.1;1;10297378532;S
20240507;100004;580.1;32;10297378541;S
20240507;100004;580;122;10297378542;S
20240507;100004;580.25;10;10297378574;B
20240507;100004;580.25;10;10297378575;B
20240507;100004;580.05;14;10297378587;S
20240507;100004;580.15;1;10297378840;S
20240507;100004;580.05;17;10297378841;S
20240507;100004;580.05;3;10297378847;S
20240507;100004;580;40;10297378848;S
20240507;100004;580.4;10;10297378936;B
20240507;100004;580.05;1;10297379048;S
20240507;100004;580.4;1;10297379107;B
20240507;100004;580.05;1;10297379246;S
20240507;100005;580.05;1;10297379262;S
20240507;100005;580.4;1;10297379264;B
20240507;100005;580.05;1;10297379265;S
20240507;100005;580.4;1;10297379268;B
20240507;100005;580.4;1;10297379275;B
20240507;100005;580.05;2;10297379281;S
20240507;100005;580.05;1;10297379439;S
20240507;100005;580.05;1;10297379607;S
20240507;100005;580.05;3;10297379608;S
20240507;100005;580.05;2;10297379630;S
20240507;100005;580.4;1;10297379631;B
20240507;100005;580.05;1;10297379635;S
20240507;100005;580.4;2;10297379640;B
20240507;100005;580.25;34;10297379797;B
20240507;100005;580.25;66;10297379798;B
20240507;100005;580.25;1;10297379801;B
20240507;100005;579.95;1;10297379802;S
20240507;100005;579.95;4;10297379805;S
20240507;100005;580.25;1;10297379808;B
20240507;100005;580.25;2;10297379813;B
20240507;100005;579.95;2;10297379815;S
20240507;100005;579.95;3;10297379818;S
20240507;100005;579.95;2;10297379819;S
20240507;100005;580.25;1;10297379822;B
20240507;100005;580.25;10;10297379930;B
20240507;100005;579.95;1;10297380123;S
20240507;100005;579.95;1;10297380124;S
20240507;100005;580.25;1;10297380125;B
20240507;100005;580.25;1;10297380126;B
20240507;100005;579.95;1;10297380128;S
20240507;100005;580.25;1;10297380130;B
20240507;100005;580.25;3;10297380136;B
20240507;100005;580.25;2;10297380138;B
20240507;100005;579.95;2;10297380139;S
20240507;100005;579.95;2;10297380140;S
20240507;100005;579.95;3;10297380141;S
20240507;100005;580.25;2;10297380142;B
20240507;100005;580.3;8;10297380143;B
20240507;100005;580.3;10;10297380278;B
20240507;100005;580.3;20;10297380770;B
20240507;100005;580.3;1;10297380772;B
20240507;100005;580.3;1;10297380778;B
20240507;100005;580.3;2;10297380780;B
20240507;100005;579.95;2;10297380783;S
20240507;100005;579.95;1;10297380785;S
20240507;100005;580.3;1;10297380805;B
20240507;100005;579.95;1;10297380806;S
20240507;100005;580.3;1;10297380809;B
20240507;100005;580.3;1;10297380811;B
20240507;100005;579.95;6;10297380813;S
20240507;100005;580.3;1;10297380816;B
20240507;100005;580.3;9;10297380819;B
20240507;100005;580.3;2;10297380830;B
20240507;100005;580.3;5;10297380834;B
20240507;100005;580.3;1;10297380838;B
20240507;100005;579.95;1;10297380841;S
20240507;100005;580.3;1;10297380844;B
20240507;100005;580.05;1;10297380988;S
20240507;100006;580.05;1;10297381244;S
20240507;100006;580.05;2;10297381248;S
20240507;100006;580.25;1;10297381261;B
20240507;100006;580.25;1;10297381268;B
20240507;100006;580.05;1;10297381278;S
20240507;100006;580.25;1;10297381281;B
20240507;100006;580.05;4;10297381283;S
20240507;100006;580.25;1;10297381372;B
20240507;100006;580.3;1;10297381373;B
20240507;100006;580.05;2;10297381374;S
20240507;100006;580.05;2;10297381375;S
20240507;100006;580.05;1;10297381377;S
20240507;100006;580.3;2;10297381379;B
20240507;100006;580.05;1;10297381385;S
20240507;100006;580.25;5;10297381457;B
20240507;100006;580.3;5;10297381458;B
20240507;100006;580.05;5;10297381542;S
20240507;100006;580.05;2;10297381654;S
20240507;100006;580.05;1;10297381655;S
20240507;100006;580.25;2;10297381656;B
20240507;100006;580.05;2;10297381776;S
20240507;100006;580.05;1;10297381777;S
20240507;100006;580.25;4;10297381782;B
20240507;100006;580.3;6;10297381783;B
20240507;100006;580.05;3;10297381784;S
20240507;100006;580.05;1;10297381788;S
20240507;100006;580.25;1;10297381789;B
20240507;100006;580.25;1;10297381791;B
20240507;100006;580.05;2;10297381792;S
20240507;100006;580.05;1;10297381793;S
20240507;100006;580.05;1;10297381795;S
20240507;100006;580;1;10297381796;S
20240507;100006;580;1;10297381797;S
20240507;100006;580.25;1;10297382006;B
20240507;100006;580.25;2;10297382010;B
20240507;100006;580.05;5;10297382081;S
20240507;100006;580.25;1;10297382096;B
20240507;100006;580.25;2;10297382108;B
20240507;100006;580.25;2;10297382130;B
20240507;100006;580.05;28;10297382223;S
20240507;100006;580.05;1;10297382361;S
20240507;100006;579.95;1;10297382362;S
20240507;100006;580.25;1;10297382363;B
20240507;100006;579.95;2;10297382367;S
20240507;100006;579.95;2;10297382368;S
20240507;100006;580;1;10297382450;S
20240507;100007;580.25;2;10297382628;B
20240507;100007;580.25;2;10297382635;B
20240507;100007;580.25;1;10297382638;B
20240507;100007;580;1;10297382640;S
20240507;100007;580.25;1;10297382643;B
20240507;100007;580.25;2;10297382648;B
20240507;100007;580;2;10297382650;S
20240507;100007;580.25;1;10297382652;B
20240507;100007;580.25;1;10297382656;B
20240507;100007;580;1;10297382661;S
20240507;100007;580.25;10;10297382683;B
20240507;100007;580;2;10297382717;S
20240507;100007;580.25;1;10297382719;B
20240507;100007;580;1;10297382720;S
20240507;100007;580;11;10297382734;S
20240507;100007;580.25;1;10297382736;B
20240507;100007;580.25;1;10297382738;B
20240507;100007;580.25;1;10297382740;B
20240507;100007;580;2;10297382742;S
20240507;100007;580.25;1;10297383137;B
20240507;100007;580.25;1;10297383140;B
20240507;100007;580;2;10297383144;S
20240507;100007;580.25;1;10297383147;B
20240507;100007;580.25;1;10297383148;B
20240507;100007;580.25;1;10297383152;B
20240507;100007;580.25;5;10297383265;B
20240507;100007;580.25;177;10297383266;B
20240507;100007;580.25;200;10297383269;B
20240507;100007;580.25;10;10297383270;B
20240507;100007;580.6;48;10297383271;B
20240507;100007;580.65;94;10297383272;B
20240507;100007;580.55;1;10297383275;B
20240507;100007;580.55;2;10297383278;B
20240507;100007;580;3;10297383282;S
20240507;100007;580.55;1;10297383285;B
20240507;100007;580.55;4;10297383287;B
20240507;100007;580;2;10297383295;S
20240507;100007;580.55;20;10297383368;B
20240507;100007;580.55;3;10297383369;B
20240507;100007;580.55;17;10297383370;B
20240507;100007;580.5;5;10297383372;B
20240507;100007;580.55;15;10297383373;B
20240507;100007;580.55;10;10297383402;B
20240507;100007;580;2;10297383524;S
20240507;100007;580;1;10297383525;S
20240507;100007;580.5;1;10297383526;B
20240507;100007;580.5;1;10297383527;B
20240507;100007;580;1;10297383529;S
20240507;100007;580.55;1;10297383531;B
20240507;100007;580.5;1;10297383536;B
20240507;100007;580.55;1;10297383538;B
20240507;100007;580;1;10297383540;S
20240507;100007;580.5;1;10297383541;B
20240507;100007;580.55;1;10297383543;B
20240507;100007;580.5;1;10297383544;B
20240507;100007;580.55;578;10297383545;B
20240507;100007;580.55;13;10297383546;B
20240507;100007;580.55;1;10297383547;B
20240507;100007;580.55;60;10297383612;B
20240507;100007;580.55;10;10297383666;B
20240507;100007;580;1;10297383678;S
20240507;100008;580.05;6;10297383917;S
20240507;100008;580.5;1;10297383922;B
20240507;100008;580.55;1;10297383923;B
20240507;100008;580.55;2;10297383926;B
20240507;100008;580.5;1;10297383940;B
20240507;100008;580.5;2;10297383943;B
20240507;100008;580.05;1;10297383946;S
20240507;100008;580.05;1;10297383949;S
20240507;100008;580.05;1;10297383967;S
20240507;100008;580.05;2;10297384550;S
20240507;100008;580.05;1;10297384551;S
20240507;100008;580.05;2;10297384552;S
20240507;100008;580.5;2;10297384553;B
20240507;100008;580.5;1;10297384554;B
20240507;100008;580.55;1;10297384555;B
20240507;100008;580.55;1;10297384556;B
20240507;100008;580.5;8;10297384558;B
20240507;100008;580.55;2;10297384559;B
20240507;100008;580.05;1;10297384645;S
20240507;100009;580.05;2;10297384757;S
20240507;100009;580.05;3;10297384809;S
20240507;100009;580.05;1;10297384817;S
20240507;100009;580.5;1;10297384881;B
20240507;100009;580.55;9;10297384882;B
20240507;100009;580.05;1;10297385083;S
20240507;100010;580.5;6;10297385154;B
20240507;100010;580.55;176;10297385155;B
20240507;100010;580.55;10;10297385193;B
20240507;100010;580.5;1;10297385195;B
20240507;100010;580.55;9;10297385196;B
20240507;100010;580.05;1;10297385214;S
20240507;100010;580.5;1;10297385259;B
20240507;100010;580.55;9;10297385260;B
20240507;100010;580.55;1;10297385272;B
20240507;100010;580.55;82;10297385315;B
20240507;100010;580.6;44;10297385316;B
20240507;100010;580.7;26;10297385317;B
20240507;100010;580.05;6;10297385324;S
20240507;100010;580.7;10;10297385337;B
20240507;100011;580.05;1;10297385738;S
20240507;100011;580.05;1;10297385796;S
20240507;100011;580.05;1;10297385867;S
20240507;100011;580.65;6;10297385973;B
20240507;100011;580.7;19;10297385974;B
20240507;100011;580.65;3;10297385992;B
20240507;100011;580.7;7;10297385993;B
20240507;100011;580.7;91;10297386079;B
20240507;100011;580.7;7;10297386096;B
20240507;100011;580.7;25;10297386126;B
20240507;100011;580.05;2;10297386174;S
20240507;100011;580;598;10297386175;S
20240507;100011;580.6;10;10297386178;B
20240507;100011;580.6;60;10297386204;B
20240507;100011;580.6;10;10297386248;B
20240507;100012;580.05;1;10297386367;S
20240507;100012;580.05;1;10297386485;S
20240507;100013;580.05;1;10297386898;S
20240507;100013;580.05;1;10297386901;S
20240507;100013;580.6;168;10297387015;B
20240507;100013;580.6;20;10297387038;B
20240507;100013;580.6;3;10297387057;B
20240507;100013;580.6;10;10297387071;B
20240507;100014;580.05;1;10297387202;S
20240507;100014;580.05;1;10297387229;S
20240507;100015;580.05;1;10297387505;S
20240507;100015;580.05;1;10297387519;S
20240507;100015;580.6;6;10297387652;B
20240507;100015;580.6;1;10297387657;B
20240507;100016;580.05;1;10297387770;S
20240507;100016;580.05;1;10297387791;S
20240507;100017;580.05;1;10297388043;S
20240507;100017;580.05;1;10297388078;S
20240507;100017;580.05;22;10297388323;S
20240507;100017;580.05;4;10297388324;S
20240507;100017;580;29;10297388325;S
20240507;100018;580.05;1;10297388418;S
20240507;100018;580.05;1;10297388434;S
20240507;100019;580.1;1;10297388726;S
20240507;100019;580.1;1;10297388763;S
20240507;100020;580.6;200;10297389083;B
20240507;100020;580.1;1;10297389086;S
20240507;100020;580.6;30;10297389138;B
20240507;100020;580.6;10;10297389139;B
20240507;100020;580.15;1;10297389161;S
20240507;100021;580.15;1;10297389334;S
20240507;100021;580.15;1;10297389335;S
20240507;100021;580.65;2;10297389373;B
20240507;100021;580.7;31;10297389374;B
20240507;100021;580.45;1;10297389449;S
20240507;100021;580.45;1;10297389530;S
20240507;100021;580.45;32;10297389612;S
20240507;100021;580.45;148;10297389613;S
20240507;100022;580.75;10;10297389660;B
20240507;100022;580.75;1;10297389663;B
20240507;100022;580.75;9;10297389664;B
20240507;100022;580.45;1;10297389772;S
20240507;100022;580.45;1;10297389849;S
20240507;100023;580.45;1;10297390207;S
20240507;100023;580.5;1;10297390328;S
20240507;100024;580.5;1;10297390621;S
20240507;100024;580.75;11;10297390712;B
20240507;100024;580.5;1;10297390719;S
20240507;100025;580.75;14;10297390868;B
20240507;100025;580.8;2;10297390951;B
20240507;100025;580.8;3;10297390978;B
20240507;100025;580.8;1;10297390979;B
20240507;100025;580.8;7;10297390980;B
20240507;100025;580.8;186;10297390981;B
20240507;100025;580.9;10;10297391059;B
20240507;100025;580.8;34;10297391074;S
20240507;100025;580.9;68;10297391084;B
20240507;100025;580.9;932;10297391085;B
20240507;100025;580.9;20;10297391097;B
20240507;100025;580.9;548;10297391120;B
20240507;100025;580.9;6;10297391121;B
20240507;100025;580.9;22;10297391122;B
20240507;100025;580.95;3;10297391220;B
20240507;100025;581;7;10297391221;B
20240507;100025;581;90;10297391222;B
20240507;100025;581;60;10297391238;B
20240507;100025;581;843;10297391271;B
20240507;100025;581;20;10297391272;B
20240507;100025;581;1;10297391273;B
20240507;100025;581.05;25;10297391274;B
20240507;100025;581.1;250;10297391275;B
20240507;100025;581.15;173;10297391276;B
20240507;100025;581.2;6;10297391277;B
20240507;100025;581.2;2;10297391278;B
20240507;100025;581.2;3;10297391279;B
20240507;100025;581.25;1000;10297391280;B
20240507;100025;581.25;1;10297391281;B
20240507;100025;581.3;10;10297391282;B
20240507;100025;581.3;1;10297391283;B
20240507;100025;581.4;5;10297391284;B
20240507;100025;581.45;5;10297391285;B
20240507;100025;581.5;5;10297391286;B
20240507;100025;581.5;2;10297391287;B
20240507;100025;581.5;4;10297391288;B
20240507;100025;581.5;1;10297391289;B
20240507;100025;581.55;5;10297391290;B
20240507;100025;581.55;380;10297391291;B
20240507;100025;581.6;5;10297391292;B
20240507;100025;581.6;5;10297391293;B
20240507;100025;581.6;12;10297391294;B
20240507;100025;581.6;10;10297391339;B
20240507;100025;581.6;10;10297391347;B
20240507;100025;581.6;774;10297391364;B
20240507;100025;581.65;5;10297391365;B
20240507;100025;581.65;2;10297391366;B
20240507;100025;581.65;219;10297391367;B
20240507;100025;581.65;81;10297391397;B
20240507;100025;581.7;5;10297391416;B
20240507;100025;581.7;75;10297391417;B
20240507;100025;581.65;76;10297391419;S
20240507;100025;581.7;25;10297391422;B
20240507;100025;581.75;5;10297391423;B
20240507;100025;581.75;1;10297391451;B
20240507;100025;581.8;5;10297391452;B
20240507;100025;581.85;5;10297391453;B
20240507;100025;581.85;1;10297391454;B
20240507;100025;581.9;5;10297391455;B
20240507;100025;581.9;3;10297391456;B
20240507;100025;581.9;100;10297391465;B
20240507;100025;581.9;40;10297391483;B
20240507;100025;581.9;80;10297391486;B
20240507;100025;581.9;30;10297391498;B
20240507;100025;581.8;100;10297391510;S
20240507;100025;581.9;10;10297391528;B
20240507;100025;581.9;10;10297391533;B
20240507;100025;581.9;10;10297391541;B
20240507;100025;581.9;717;10297391552;B
20240507;100025;581.9;283;10297391553;B
20240507;100025;581.9;10;10297391563;B
20240507;100025;581.8;1;10297391603;S
20240507;100025;581.9;10;10297391630;B
20240507;100025;581.9;10;10297391632;B
20240507;100025;581.9;10;10297391646;B
20240507;100025;581.9;70;10297391667;B
20240507;100025;581.9;27;10297391737;B
20240507;100025;581.95;3;10297391738;B
20240507;100025;581.95;2;10297391792;B
20240507;100025;582;5;10297391793;B
20240507;100025;582;3;10297391794;B
20240507;100025;581.75;20;10297391828;S
20240507;100025;581.95;10;10297391877;B
20240507;100025;581.75;5;10297391878;S
20240507;100025;581.7;1;10297392019;S
20240507;100026;581.7;1;10297392206;S
20240507;100026;581.8;24;10297392302;B
20240507;100026;581.8;101;10297392303;B
20240507;100026;581.8;1;10297392304;B
20240507;100026;581.85;15;10297392305;B
20240507;100026;582;30;10297392306;B
20240507;100026;582;1;10297392307;B
20240507;100026;582;1;10297392308;B
20240507;100026;582;2;10297392309;B
20240507;100026;582;173;10297392310;B
20240507;100026;582;12;10297392311;B
20240507;100026;582.05;5;10297392312;B
20240507;100026;582.05;233;10297392313;B
20240507;100026;582.05;10;10297392343;B
20240507;100026;582.05;10;10297392344;B
20240507;100026;582.05;20;10297392346;B
20240507;100026;582.05;10;10297392347;B
20240507;100026;582.05;20;10297392348;B
20240507;100026;582.05;10;10297392368;B
20240507;100026;581.9;10;10297392561;S
20240507;100026;581.9;14;10297392563;S
20240507;100026;581.9;1;10297392572;S
20240507;100026;581.9;40;10297392611;B
20240507;100026;581.8;1;10297392659;S
20240507;100026;581.65;1;10297392671;S
20240507;100027;581.9;2;10297392730;B
20240507;100027;581.8;1;10297392909;S
20240507;100027;581.8;1;10297392918;S
20240507;100027;581.65;5;10297392919;S
20240507;100027;581.65;2;10297392920;S
20240507;100027;581.85;10;10297392967;B
20240507;100027;581.7;2;10297393105;S
20240507;100028;581.6;1;10297393135;S
20240507;100028;581.65;16;10297393164;B
20240507;100028;581.75;95;10297393165;B
20240507;100028;581.8;39;10297393166;B
20240507;100028;581.8;10;10297393226;B
20240507;100028;581.75;1;10297393334;S
20240507;100029;581.65;1;10297393475;S
20240507;100029;581.65;3;10297393640;S
20240507;100029;581.6;2;10297393641;S
20240507;100029;581.6;1;10297393666;S
20240507;100029;581.6;1;10297393672;B
20240507;100029;581.55;1;10297393751;S
20240507;100029;581.45;173;10297393752;B
20240507;100030;581.65;20;10297393828;B
20240507;100030;581.65;34;10297393831;B
20240507;100030;581.75;10;10297393835;B
20240507;100030;581.6;582;10297393854;S
20240507;100030;581.7;60;10297393913;B
20240507;100030;581.35;34;10297393931;S
20240507;100030;581.3;348;10297393932;S
20240507;100030;581.45;40;10297393941;B
20240507;100030;581.55;1;10297393975;B
20240507;100030;581.35;1;10297393995;S
20240507;100030;581.25;1;10297394029;S
20240507;100031;581.1;1;10297394175;S
20240507;100031;581.05;1;10297394388;S
20240507;100031;581.05;1;10297394445;S
20240507;100031;581;5;10297394446;S
20240507;100032;580.9;1;10297394732;S
20240507;100032;580.95;1;10297395042;S
20240507;100032;581.05;10;10297395076;B
20240507;100033;581.15;1;10297395231;S
20240507;100033;581.2;34;10297395257;S
20240507;100033;581.15;6;10297395258;S
20240507;100033;580.95;1;10297395458;S
20240507;100034;580.85;1;10297395745;S
20240507;100034;580.85;1;10297395926;S
20240507;100035;580.75;1;10297396092;S
20240507;100035;580.7;1;10297396310;S
20240507;100036;580.75;1;10297396442;S
20240507;100036;580.75;1;10297396650;S
20240507;100037;580.75;1;10297396756;S
20240507;100037;580.75;1;10297396991;S
20240507;100038;580.75;1;10297397119;S
20240507;100038;580.75;177;10297397234;S
20240507;100038;580.7;172;10297397235;S
20240507;100038;580.7;20;10297397259;B
20240507;100038;580.7;20;10297397260;B
20240507;100038;580.65;1;10297397261;S
20240507;100039;580.55;1;10297397413;S
20240507;100039;580.55;1;10297397577;S
20240507;100040;580.55;1;10297397885;S
20240507;100040;580.55;7;10297397897;S
20240507;100040;580.55;1;10297398032;S
20240507;100041;580.55;17;10297398083;S
20240507;100041;580.55;1;10297398213;S
20240507;100041;580.55;1;10297398311;S
20240507;100041;580.55;1;10297398345;S
20240507;100042;580.55;141;10297398447;S
20240507;100042;580.55;387;10297398448;S
20240507;100042;580.55;1;10297398449;S
20240507;100042;580.55;1;10297398450;S
20240507;100042;580.55;34;10297398451;S
20240507;100042;580.55;20;10297398497;B
20240507;100042;580.55;40;10297398498;B
20240507;100042;580.5;1;10297398508;S
20240507;100042;580.6;10;10297398583;B
20240507;100042;580.6;7;10297398607;B
20240507;100042;580.5;1;10297398697;S
20240507;100043;580.5;5;10297398788;S
20240507;100043;580.5;165;10297398966;S
20240507;100043;580.5;387;10297398967;S
20240507;100043;580.5;4;10297398968;S
20240507;100043;580.5;4;10297398969;S
20240507;100043;580.45;124;10297398970;S
20240507;100043;580.45;10;10297398971;S
20240507;100043;580.45;3;10297398972;S
20240507;100043;580.5;1;10297398981;S
20240507;100043;580.5;171;10297398982;S
20240507;100043;580.5;387;10297398983;S
20240507;100043;580.5;20;10297398985;B
20240507;100043;580.5;50;10297398986;B
20240507;100043;580.5;20;10297398987;B
20240507;100043;580.45;1;10297399004;S
20240507;100043;580.35;20;10297399024;B
20240507;100043;580.35;15;10297399028;B
20240507;100043;580.4;35;10297399029;B
20240507;100043;580.45;10;10297399030;B
20240507;100044;580.45;10;10297399069;B
20240507;100044;580.5;387;10297399084;S
20240507;100044;580.5;177;10297399085;S
20240507;100044;580.5;34;10297399086;S
20240507;100044;580.45;172;10297399087;S
20240507;100044;580.35;35;10297399102;B
20240507;100044;580.4;5;10297399103;B
20240507;100044;580.4;20;10297399105;B
20240507;100044;580.4;20;10297399107;B
20240507;100044;580.4;10;10297399157;B
20240507;100044;580.45;1;10297399278;S
20240507;100044;580.45;1;10297399299;S
20240507;100045;580.4;1;10297399644;S
20240507;100045;580.4;1;10297399658;S
20240507;100046;580.5;387;10297399800;S
20240507;100046;580.45;113;10297399801;S
20240507;100046;580.65;34;10297399837;B
20240507;100046;580.65;6;10297399838;B
20240507;100046;580.6;10;10297399839;B
20240507;100046;580.5;1;10297399956;S
20240507;100047;580.55;1;10297399995;S
20240507;100047;580.6;1;10297400232;S
20240507;100048;580.55;1;10297400294;S
20240507;100048;580.5;1;10297400534;S
20240507;100049;580.5;1;10297400576;S
20240507;100049;580.5;2;10297400769;S
20240507;100049;580.55;1;10297400816;S
20240507;100050;580.55;1;10297400903;S
20240507;100050;580.5;1;10297400911;S
20240507;100050;580.5;1;10297401122;S
20240507;100051;580.55;1;10297401182;S
20240507;100051;580.65;99;10297401210;B
20240507;100051;580.9;20;10297401234;B
20240507;100051;580.6;172;10297401237;S
20240507;100051;580.6;177;10297401238;S
20240507;100051;580.6;34;10297401239;S
20240507;100051;580.6;10;10297401274;B
20240507;100051;580.6;20;10297401275;B
20240507;100051;580.6;20;10297401277;B
20240507;100051;580.6;10;10297401309;B
20240507;100051;580.55;220;10297401318;S
20240507;100051;580.6;20;10297401347;B
20240507;100052;580.55;1;10297401425;S
20240507;100052;580.55;1;10297401484;S
20240507;100052;580.55;312;10297401491;S
20240507;100052;580.7;34;10297401515;B
20240507;100052;580.75;6;10297401516;B
20240507;100052;580.8;15;10297401595;B
20240507;100052;580.85;15;10297401596;B
20240507;100053;580.55;1;10297401696;S
20240507;100053;580.8;99;10297401820;B
20240507;100053;580.55;1;10297401853;S
20240507;100053;580.8;10;10297401877;B
20240507;100054;580.55;1;10297402098;S
20240507;100054;580.85;99;10297402120;B
20240507;100054;580.8;20;10297402134;B
20240507;100054;580.8;10;10297402163;B
20240507;100054;580.55;1;10297402194;S
20240507;100055;580.55;1;10297402381;S
20240507;100055;580.8;99;10297402435;B
20240507;100055;580.7;1;10297402488;S
20240507;100055;580.85;1;10297402581;B
20240507;100055;580.9;10;10297402585;B
20240507;100056;580.7;1;10297402729;S
20240507;100056;580.7;1;10297402867;S
20240507;100057;580.7;1;10297403054;S
20240507;100057;580.7;1;10297403155;S
20240507;100058;581;10;10297403340;B
20240507;100058;581;2;10297403341;B
20240507;100058;581;87;10297403342;B
20240507;100058;580.7;1;10297403351;S
20240507;100058;581.05;1;10297403352;B
20240507;100058;581.1;2;10297403353;B
20240507;100058;581.1;7;10297403354;B
20240507;100058;580.7;1;10297403434;S
20240507;100059;580.7;2;10297403539;S
20240507;100059;580.7;1;10297403553;S
20240507;100059;580.7;1;10297403653;S
20240507;100059;581.05;1;10297403685;B
20240507;100059;581.1;98;10297403686;B
20240507;100059;580.7;2;10297403688;S
20240507;100059;581.05;5;10297403704;B
20240507;100059;581.1;4;10297403705;B
20240507;100059;581.1;12;10297403706;B
20240507;100059;581.05;2;10297403708;B
20240507;100059;581.1;8;10297403709;B
20240507;100100;580.7;1;10297403895;S
20240507;100100;580.7;1;10297403906;S
20240507;100100;580.7;1;10297404013;S
20240507;100101;580.7;1;10297404192;S
20240507;100101;580.8;1;10297404308;S
20240507;100102;580.8;99;10297404467;S
20240507;100102;580.8;177;10297404468;S
20240507;100102;580.8;34;10297404469;S
20240507;100102;580.8;26;10297404470;S
20240507;100102;580.7;1;10297404474;S
20240507;100102;580.8;40;10297404491;B
20240507;100102;580.8;20;10297404501;B
20240507;100102;580.8;20;10297404503;B
20240507;100102;580.8;10;10297404504;B
20240507;100102;580.8;10;10297404528;B
20240507;100102;580.7;1;10297404560;S
20240507;100103;580.7;1;10297404651;S
20240507;100103;580.7;1;10297404683;S
20240507;100103;580.7;6;10297404693;S
20240507;100103;580.7;198;10297404694;S
20240507;100103;580.65;134;10297404695;S
20240507;100103;580.65;19;10297404705;S
20240507;100103;580.75;1;10297404717;B
20240507;100103;580.85;4;10297404718;B
20240507;100103;580.85;15;10297404719;B
20240507;100103;580.8;10;10297404720;B
20240507;100103;580.7;1;10297404723;S
20240507;100103;580.95;10;10297404740;B
20240507;100103;580.7;1;10297404756;S
20240507;100104;580.7;1;10297404880;S
20240507;100104;580.7;1;10297404985;S
20240507;100105;580.7;1;10297405112;S
20240507;100105;580.65;1;10297405227;S
20240507;100106;580.65;1;10297405320;S
20240507;100106;580.65;1;10297405392;S
20240507;100107;580.65;1;10297405490;S
20240507;100107;580.65;1;10297405612;S
20240507;100108;580.65;1;10297405693;S
20240507;100108;580.65;1;10297405821;S
20240507;100109;580.65;1;10297405937;S
20240507;100109;580.6;1;10297406155;S
20240507;100110;580.8;4;10297406200;B
20240507;100110;580.6;1;10297406247;S
20240507;100110;580.6;1;10297406352;S
20240507;100111;580.6;1;10297406457;S
20240507;100111;580.8;1;10297406492;B
20240507;100112;580.6;1;10297406573;S
20240507;100112;580.6;1;10297406715;S
20240507;100112;580.6;28;10297406804;S
20240507;100112;580.6;177;10297406805;S
20240507;100112;580.55;592;10297406806;S
20240507;100112;580.75;20;10297406824;B
20240507;100112;580.75;14;10297406825;B
20240507;100112;580.8;17;10297406826;B
20240507;100112;580.8;22;10297406827;B
20240507;100112;580.85;1;10297406828;B
20240507;100112;580.85;6;10297406829;B
20240507;100112;580.8;10;10297406861;B
20240507;100113;580.55;1;10297406868;S
20240507;100113;580.55;775;10297406959;S
20240507;100113;580.55;1;10297406965;S
20240507;100113;580.8;18;10297406980;B
20240507;100113;580.9;1;10297406981;B
20240507;100113;580.9;61;10297406982;B
20240507;100114;580.7;1;10297407157;S
20240507;100114;580.6;1;10297407245;S
20240507;100115;580.6;1;10297407386;S
20240507;100115;580.6;1;10297407477;S
20240507;100116;580.6;1;10297407675;S
20240507;100116;580.85;10;10297407797;B
20240507;100116;580.6;1;10297407835;S
20240507;100117;580.6;1;10297407989;S
20240507;100117;580.6;1;10297408092;S
20240507;100118;580.6;1;10297408278;S
20240507;100118;580.6;26;10297408322;S
20240507;100118;580.6;1;10297408323;S
20240507;100118;580.6;11;10297408324;B
20240507;100118;580.55;1;10297408381;S
20240507;100118;580.6;1;10297408398;B
20240507;100119;580.55;1;10297408548;S
20240507;100119;580.55;1;10297408614;S
20240507;100120;580.6;2;10297408773;B
20240507;100120;580.55;1;10297408775;S
20240507;100120;580.6;25;10297408809;B
20240507;100120;580.6;1;10297408889;S
20240507;100120;580.7;29;10297408925;B
20240507;100120;580.7;5;10297408944;B
20240507;100120;580.75;5;10297408945;B
20240507;100121;580.6;1;10297409080;S
20240507;100121;580.6;1;10297409135;S
20240507;100121;580.75;15;10297409184;B
20240507;100122;580.65;1;10297409265;S
20240507;100122;580.65;1;10297409328;S
20240507;100123;580.85;1;10297409445;B
20240507;100123;580.85;19;10297409504;S
20240507;100123;580.65;1;10297409511;S
20240507;100123;580.65;1;10297409561;S
20240507;100124;580.65;30;10297409686;S
20240507;100124;580.6;27;10297409687;S
20240507;100124;580.6;445;10297409690;S
20240507;100124;580.6;40;10297409691;S
20240507;100124;580.55;270;10297409692;S
20240507;100124;580.55;1;10297409702;S
20240507;100124;580.8;2;10297409713;B
20240507;100124;580.8;8;10297409714;B
20240507;100124;580.8;40;10297409715;B
20240507;100124;580.75;10;10297409716;B
20240507;100124;580.75;20;10297409717;B
20240507;100124;580.75;2;10297409726;B
20240507;100124;580.8;13;10297409727;B
20240507;100124;580.55;1;10297409728;S
20240507;100124;580.75;10;10297409765;B
20240507;100125;580.55;815;10297409897;S
20240507;100125;580.55;4;10297409898;S
20240507;100125;580.55;34;10297409899;S
20240507;100125;580.5;40;10297409900;S
20240507;100125;580.45;177;10297409901;S
20240507;100125;580.35;172;10297409902;S
20240507;100125;580.3;387;10297409903;S
20240507;100125;580.25;172;10297409904;S
20240507;100125;580.25;1;10297409905;S
20240507;100125;580.2;898;10297409906;S
20240507;100125;580.25;34;10297409920;B
20240507;100125;580.3;56;10297409921;B
20240507;100125;580.35;10;10297409922;B
20240507;100125;580.35;20;10297409978;B
20240507;100125;580.35;20;10297409979;B
20240507;100125;580.35;40;10297409980;B
20240507;100125;580.35;20;10297409981;B
20240507;100125;580.4;100;10297409991;B
20240507;100125;580.15;1;10297410024;S
20240507;100125;580.15;1;10297410027;S
20240507;100125;580.35;1;10297410029;B
20240507;100125;580.4;9;10297410030;B
20240507;100125;580.4;1;10297410032;B
20240507;100125;580.45;9;10297410033;B
20240507;100125;580.45;20;10297410034;B
20240507;100125;580.5;10;10297410046;B
20240507;100126;580.5;1;10297410077;B
20240507;100126;580.55;2;10297410134;B
20240507;100126;580.25;1;10297410223;S
20240507;100126;580.25;1;10297410241;S
20240507;100127;580.25;1;10297410493;S
20240507;100128;580.25;1;10297410546;S
20240507;100128;580.25;1;10297410717;S
20240507;100129;580.4;1;10297410851;B
20240507;100129;580.45;99;10297410852;B
20240507;100129;580.5;4;10297410891;B
20240507;100129;580.5;6;10297410892;B
20240507;100129;580.25;1;10297411029;S
20240507;100129;580.15;1;10297411040;S
20240507;100129;580.15;1;10297411069;S
20240507;100130;580.15;1;10297411245;S
20240507;100130;580.15;1;10297411252;S
20240507;100131;580.15;1;10297411385;S
20240507;100131;580.15;1;10297411413;S
20240507;100131;580.35;1;10297411458;B
20240507;100132;580.45;5;10297411546;B
20240507;100132;580.35;1;10297411580;S
20240507;100132;580.35;1;10297411586;S
20240507;100133;580.35;1;10297411779;S
20240507;100133;580.35;1;10297411791;S
20240507;100134;580.45;135;10297411813;B
20240507;100134;580.5;6;10297411814;B
20240507;100134;580.5;177;10297411815;B
20240507;100134;580.6;380;10297411816;B
20240507;100134;580.65;52;10297411817;B
20240507;100134;580.6;20;10297411847;B
20240507;100134;580.6;20;10297411848;B
20240507;100134;580.6;40;10297411849;B
20240507;100134;580.6;10;10297411851;B
20240507;100134;580.65;10;10297411885;B
20240507;100134;580.35;15;10297411900;S
20240507;100134;580.2;1;10297412024;S
20240507;100134;580.2;1;10297412046;S
20240507;100135;580.1;100;10297412212;S
20240507;100135;580.1;1;10297412213;S
20240507;100135;580.1;4;10297412214;S
20240507;100135;580.1;34;10297412215;S
20240507;100135;580.05;100;10297412216;S
20240507;100135;580.05;1;10297412217;S
20240507;100135;580.05;520;10297412218;S
20240507;100135;580.3;1;10297412234;B
20240507;100135;580.3;9;10297412235;B
20240507;100135;580.25;10;10297412236;B
20240507;100135;580.25;24;10297412237;B
20240507;100135;580.3;36;10297412238;B
20240507;100135;580.3;1;10297412289;B
20240507;100135;580.45;9;10297412290;B
20240507;100135;580.1;1;10297412331;S
20240507;100135;580.1;1;10297412352;S
20240507;100136;580.1;1;10297412543;S
20240507;100136;580.1;1;10297412550;S
20240507;100137;580.45;8;10297412604;B
20240507;100137;580.45;10;10297412629;B
20240507;100137;580.1;1;10297412739;S
20240507;100137;580.1;1;10297412753;S
20240507;100138;580.1;1;10297413082;S
20240507;100139;580.1;1;10297413123;S
20240507;100139;580.1;8;10297413256;S
20240507;100139;580.05;1;10297413418;S
20240507;100140;580.05;1;10297413472;S
20240507;100140;580.1;1;10297413672;S
20240507;100141;580.1;1;10297413740;S
20240507;100141;580.1;1;10297414046;S
20240507;100142;580.1;1;10297414069;S
20240507;100142;580.1;1;10297414346;S
20240507;100143;580.15;2;10297414354;B
20240507;100143;580.05;1;10297414369;S
20240507;100143;580.1;10;10297414575;S
20240507;100143;580.1;2;10297414577;S
20240507;100144;580.1;1;10297414623;S
20240507;100144;580.15;1;10297414779;B
20240507;100145;580.1;1;10297414847;S
20240507;100145;580.1;24;10297414887;S
20240507;100145;580.1;53;10297414888;S
20240507;100145;580.1;10;10297414902;B
20240507;100146;580.05;1;10297415549;S
20240507;100146;580;8;10297415617;S
20240507;100146;580;350;10297415618;S
20240507;100146;580;300;10297415619;S
20240507;100146;580;10;10297415620;S
20240507;100146;580;5;10297415621;S
20240507;100146;580;15;10297415622;S
20240507;100146;580.15;2;10297415709;B
20240507;100146;580.15;5;10297415710;B
20240507;100146;580.2;1;10297415711;B
20240507;100146;580.2;32;10297415712;B
20240507;100146;580.2;1;10297415718;B
20240507;100146;580.25;39;10297415719;B
20240507;100146;580.25;10;10297415722;B
20240507;100146;580.25;10;10297415817;B
20240507;100147;580.05;1;10297416044;S
20240507;100148;580.05;1;10297416442;S
20240507;100148;580.3;1;10297416461;B
20240507;100148;580.3;1;10297416633;B
20240507;100148;580.35;1;10297416634;B
20240507;100149;580.05;1;10297416704;S
20240507;100149;580.35;1;10297416709;B
20240507;100150;580.05;27;10297416865;S
20240507;100150;580.05;1;10297416925;S
20240507;100150;580.3;1;10297416927;B
20240507;100151;580.05;1;10297417106;S
20240507;100151;580.2;1;10297417121;B
20240507;100152;580.2;1;10297417378;B
20240507;100152;580.05;1;10297417381;S
20240507;100153;580.2;1;10297417647;B
20240507;100153;580.1;1;10297417648;S
20240507;100154;580.2;1;10297417889;B
20240507;100154;580.1;1;10297417917;S
20240507;100155;580.2;1;10297418076;B
20240507;100155;580.1;1;10297418102;S
20240507;100156;580.1;9;10297418309;S
20240507;100156;580.1;1;10297418336;B
20240507;100156;580.05;1;10297418357;S
20240507;100157;580.05;18;10297418577;S
20240507;100157;580;52;10297418578;S
20240507;100157;579.95;75;10297418579;S
20240507;100157;579.95;173;10297418580;S
20240507;100157;580.1;1;10297418584;B
20240507;100157;580.1;10;10297418614;B
20240507;100157;580.1;10;10297418615;B
20240507;100157;580.1;3;10297418616;B
20240507;100157;580.15;17;10297418617;B
20240507;100157;580.15;1;10297418639;B
20240507;100157;580.15;10;10297418642;B
20240507;100157;580;1;10297418689;S
20240507;100158;580.15;1;10297418897;B
20240507;100158;580;1;10297418933;S
20240507;100159;580.1;1;10297419051;B
20240507;100159;580.1;1;10297419135;B
20240507;100159;580.05;1;10297419174;S
20240507;100200;580.05;10;10297419258;S
20240507;100200;580.1;1;10297419406;B
20240507;100200;580.1;1;10297419419;B
20240507;100200;580.05;1;10297419536;S
20240507;100200;580.1;100;10297419592;B
20240507;100201;580.1;100;10297419606;B
20240507;100201;580.1;300;10297419607;B
20240507;100201;580.1;27;10297419608;B
20240507;100201;580.1;200;10297419609;B
20240507;100201;580.1;100;10297419611;B
20240507;100201;580.1;39;10297419612;B
20240507;100201;580.2;10;10297419613;B
20240507;100201;580.4;1;10297419615;B
20240507;100201;580.45;380;10297419616;B
20240507;100201;580.5;10;10297419662;B
20240507;100201;580.5;30;10297419663;B
20240507;100201;580.5;30;10297419664;B
20240507;100201;580.5;20;10297419665;B
20240507;100201;580.5;10;10297419673;B
20240507;100201;580.5;40;10297419675;B
20240507;100201;580.5;10;10297419681;B
20240507;100201;580.5;1;10297419822;B
20240507;100201;580.45;1;10297419881;S
20240507;100202;580.5;118;10297419922;B
20240507;100202;580.6;300;10297419925;B
20240507;100202;580.55;300;10297419926;B
20240507;100202;580.55;80;10297419927;B
20240507;100202;580.6;20;10297419928;B
20240507;100202;580.55;200;10297419933;S
20240507;100202;580.5;261;10297419934;S
20240507;100202;580.5;20;10297419960;B
20240507;100202;580.5;35;10297419991;B
20240507;100202;580.55;5;10297419992;B
20240507;100202;580.55;40;10297419995;B
20240507;100202;580.55;10;10297419999;B
20240507;100202;580.55;30;10297420000;B
20240507;100202;580.6;30;10297420001;B
20240507;100202;580.6;10;10297420031;B
20240507;100202;580.6;10;10297420032;B
20240507;100202;580.6;1;10297420110;B
20240507;100202;580.45;1;10297420148;S
20240507;100203;580.5;1;10297420325;B
20240507;100203;580.45;6;10297420333;S
20240507;100203;580.45;1;10297420377;S
20240507;100204;580.5;7;10297420423;B
20240507;100204;580.5;1;10297420529;B
20240507;100204;580.45;1;10297420584;S
20240507;100205;580.5;50;10297420770;B
20240507;100205;580.5;1;10297420773;B
20240507;100205;580.5;3;10297420791;B
20240507;100205;580.5;7;10297420792;B
20240507;100205;580.45;1;10297420828;S
20240507;100205;580.45;10;10297420829;S
20240507;100206;580.45;50;10297420943;S
20240507;100206;580.5;1;10297421049;B
20240507;100207;580.45;1;10297421131;S
20240507;100207;580.5;2;10297421173;B
20240507;100207;580.5;1;10297421257;B
20240507;100208;580.45;1;10297421329;S
20240507;100208;580.45;7;10297421345;S
20240507;100208;580.5;10;10297421370;B
20240507;100208;580.5;1;10297421499;B
20240507;100209;580.45;1;10297421565;S
20240507;100209;580.5;163;10297421567;B
20240507;100209;580.5;1000;10297421568;B
20240507;100209;580.5;57;10297421569;B
20240507;100209;580.6;10;10297421584;B
20240507;100209;580.6;100;10297421585;B
20240507;100209;580.6;10;10297421587;B
20240507;100209;580.6;10;10297421600;B
20240507;100209;580.6;1;10297421742;B
20240507;100210;580.55;1;10297421801;S
20240507;100210;580.55;20;10297421839;S
20240507;100210;580.6;1;10297421946;B
20240507;100211;580.55;1;10297422053;S
20240507;100211;580.55;155;10297422204;S
20240507;100211;580.55;145;10297422205;S
20240507;100211;580.6;1;10297422215;B
20240507;100211;580.5;14;10297422227;S
20240507;100211;580.6;20;10297422249;B
20240507;100211;580.6;20;10297422250;B
20240507;100211;580.6;10;10297422251;B
20240507;100211;580.6;1;10297422266;B
20240507;100212;580.5;1;10297422408;S
20240507;100212;580.6;1;10297422524;B
20240507;100213;580.5;1;10297422615;S
20240507;100213;580.6;57;10297422697;B
20240507;100213;580.6;10;10297422710;B
20240507;100214;580.6;1;10297422774;B
20240507;100214;580.55;2;10297422791;S
20240507;100214;580.55;1;10297422829;S
20240507;100214;580.6;2;10297422899;B
20240507;100215;580.6;1;10297422967;B
20240507;100215;580.55;5;10297422992;S
20240507;100215;580.55;1;10297423064;S
20240507;100216;580.6;1;10297423191;B
20240507;100216;580.55;1;10297423276;S
20240507;100217;580.6;1;10297423371;B
20240507;100217;580.6;1;10297423382;B
20240507;100217;580.55;1;10297423521;S
20240507;100218;580.6;1;10297423603;B
20240507;100218;580.55;1;10297423823;S
20240507;100219;580.6;1;10297423883;B
20240507;100219;580.6;19;10297423891;B
20240507;100219;580.55;1;10297424067;S
20240507;100220;580.6;1;10297424114;B
20240507;100221;580.55;1;10297424304;S
20240507;100221;580.55;159;10297424306;S
20240507;100221;580.55;20;10297424339;B
20240507;100221;580.55;1;10297424354;B
20240507;100221;580.5;16;10297424381;S
20240507;100222;580.5;1;10297424502;S
20240507;100222;580.55;1;10297424550;B
20240507;100222;580.5;594;10297424573;S
20240507;100222;580.6;60;10297424595;B
20240507;100222;580.6;10;10297424601;B
20240507;100223;580.5;1;10297424694;S
20240507;100223;580.6;1;10297424713;B
20240507;100223;580.6;4;10297424857;B
20240507;100224;580.55;1;10297424908;S
20240507;100224;580.6;1;10297424921;B
20240507;100225;580.5;1;10297425092;S
20240507;100225;580.6;1;10297425108;B
20240507;100225;580.5;4;10297425219;S
20240507;100226;580.5;1;10297425279;S
20240507;100226;580.6;1;10297425423;B
20240507;100227;580.55;1;10297425662;S
20240507;100227;580.6;1;10297425750;B
20240507;100228;580.5;1;10297425989;S
20240507;100228;580.6;1;10297426009;B
20240507;100228;580.6;150;10297426081;B
20240507;100228;580.6;20;10297426106;B
20240507;100228;580.55;3;10297426127;S
20240507;100228;580.6;10;10297426130;B
20240507;100228;580.6;10;10297426141;B
20240507;100229;580.6;1;10297426185;B
20240507;100229;580.55;1;10297426204;S
20240507;100229;580.6;1;10297426216;B
20240507;100229;580.55;1;10297426238;S
20240507;100229;580.6;25;10297426260;B
20240507;100229;580.6;2;10297426263;B
20240507;100229;580.6;1;10297426267;B
20240507;100230;580.6;1;10297426427;B
20240507;100230;580.55;1;10297426436;S
20240507;100230;580.55;1;10297426442;S
20240507;100230;580.6;1;10297426480;B
20240507;100231;580.55;1;10297426589;S
20240507;100231;580.6;1;10297426592;B
20240507;100231;580.6;1;10297426649;B
20240507;100232;580.55;1;10297426760;S
20240507;100232;580.55;164;10297426763;S
20240507;100232;580.55;71;10297426764;S
20240507;100232;580.55;177;10297426765;S
20240507;100232;580.55;100;10297426766;S
20240507;100232;580.55;1;10297426771;B
20240507;100232;580.55;20;10297426805;B
20240507;100232;580.55;10;10297426807;B
20240507;100232;580.55;20;10297426808;B
20240507;100232;580.55;20;10297426809;B
20240507;100232;580.55;10;10297426835;B
20240507;100233;580.5;182;10297426951;S
20240507;100233;580.5;1;10297426960;S
20240507;100233;580.6;1;10297426963;B
20240507;100233;580.6;20;10297426984;B
20240507;100233;580.55;13;10297426994;S
20240507;100234;580.5;1;10297427703;S
20240507;100235;580.5;1;10297427881;S
20240507;100235;580.6;50;10297427916;B
20240507;100235;580.6;10;10297427949;B
20240507;100235;580.55;1;10297427987;S
20240507;100236;580.55;1;10297428216;S
20240507;100237;580.55;1;10297428397;S
20240507;100237;580.55;4;10297428432;S
20240507;100237;580.6;1;10297428474;B
20240507;100238;580.55;4;10297428538;S
20240507;100238;580.55;3;10297428558;S
20240507;100238;580.55;1;10297428574;S
20240507;100239;580.55;1;10297428737;S
20240507;100239;580.55;1;10297428801;S
20240507;100239;580.6;9;10297428830;B
20240507;100240;580.55;1;10297428889;S
20240507;100240;580.55;1;10297428917;S
20240507;100241;580.6;6;10297428982;B
20240507;100241;580.55;1;10297429017;S
20240507;100241;580.6;50;10297429053;B
20240507;100241;580.55;1;10297429072;S
20240507;100241;580.6;10;10297429094;B
20240507;100241;580.6;4;10297429132;B
20240507;100242;580.55;1;10297429276;S
20240507;100242;580.55;1;10297429324;S
20240507;100242;580.55;1;10297429330;S
20240507;100243;580.55;150;10297429428;S
20240507;100243;580.55;20;10297429504;B
20240507;100243;580.5;1;10297429538;S
20240507;100243;580.55;1;10297429557;B
20240507;100243;580.5;1;10297429568;S
20240507;100243;580.5;1;10297429629;S
20240507;100244;580.5;604;10297429727;S
20240507;100244;580.5;1;10297429736;S
20240507;100244;580.6;60;10297429738;B
20240507;100244;580.5;1;10297429787;S
20240507;100245;580.5;1;10297429936;S
20240507;100245;580.5;1;10297430203;S
20240507;100246;580.55;7;10297430304;B
20240507;100246;580.55;10;10297430313;B
20240507;100246;580.5;1;10297430371;S
20240507;100246;580.5;1;10297430466;S
20240507;100247;580.55;1;10297430567;B
20240507;100247;580.5;1;10297430610;S
20240507;100247;580.5;1;10297430733;S
20240507;100248;580.5;1;10297430855;S
20240507;100248;580.5;150;10297430893;S
20240507;100248;580.55;10;10297430915;B
20240507;100248;580.5;1;10297430961;S
20240507;100249;580.55;3;10297431049;B
20240507;100249;580.5;2;10297431058;S
20240507;100249;580.5;1;10297431066;S
20240507;100249;580.5;1;10297431143;S
20240507;100250;580.55;2;10297431218;B
20240507;100250;580.55;1;10297431274;B
20240507;100250;580.5;1;10297431303;S
20240507;100250;580.55;1;10297431495;B
20240507;100250;580.5;1;10297431501;S
20240507;100251;580.55;2;10297431524;B
20240507;100251;580.5;1;10297431764;S
20240507;100251;580.55;1;10297431795;B
20240507;100251;580.55;10;10297431805;B
20240507;100252;580.5;1;10297431861;S
20240507;100252;580.5;1;10297431866;S
20240507;100252;580.55;1;10297431867;B
20240507;100252;580.55;1;10297431875;B
20240507;100252;580.5;1;10297431973;S
20240507;100252;580.5;1;10297431979;S
20240507;100252;580.5;20;10297432005;S
20240507;100253;580.5;1;10297432037;S
20240507;100253;580.55;35;10297432076;B
20240507;100253;580.55;5;10297432168;B
20240507;100253;580.5;1;10297432208;S
20240507;100253;580.55;3;10297432286;B
20240507;100253;580.55;2;10297432287;B
20240507;100254;580.5;1;10297432344;S
20240507;100254;580.5;159;10297432397;S
20240507;100254;580.5;405;10297432398;S
20240507;100254;580.5;1;10297432399;S
20240507;100254;580.5;10;10297432400;S
20240507;100254;580.5;200;10297432401;S
20240507;100254;580.55;20;10297432431;B
20240507;100254;580.55;40;10297432433;B
20240507;100254;580.55;20;10297432434;B
20240507;100254;580.5;1;10297432436;S
20240507;100254;580.55;1;10297432445;B
20240507;100254;580.55;10;10297432459;B
20240507;100254;580.55;3;10297432482;B
20240507;100255;580.5;1;10297432524;S
20240507;100255;580.5;3;10297432601;S
20240507;100255;580.5;1;10297432667;S
20240507;100256;580.5;1;10297432767;S
20240507;100256;580.55;7;10297432773;B
20240507;100256;580.5;1;10297432862;S
20240507;100256;580.55;2;10297432927;B
20240507;100257;580.5;4;10297432953;S
20240507;100257;580.55;1;10297432956;B
20240507;100257;580.5;159;10297433030;S
20240507;100257;580.55;20;10297433056;B
20240507;100257;580.5;1;10297433059;S
20240507;100257;580.5;159;10297433105;S
20240507;100257;580.55;20;10297433122;B
20240507;100257;580.5;1;10297433177;S
20240507;100258;580.5;1;10297433275;S
20240507;100258;580.5;1;10297433310;S
20240507;100258;580.5;10;10297433316;S
20240507;100258;580.55;1;10297433318;B
20240507;100259;580.5;56;10297433364;S
20240507;100259;580.5;14;10297433365;S
20240507;100259;580.5;10;10297433374;B
20240507;100259;580.45;1;10297433462;S
20240507;100259;580.45;1;10297433520;S
20240507;100300;580.45;1;10297433615;S
20240507;100300;580.45;1;10297433721;S
20240507;100301;580.5;4;10297433780;B
20240507;100301;580.45;1;10297433886;S
20240507;100301;580.45;1;10297433981;S
20240507;100302;580.5;11;10297434105;B
20240507;100302;580.45;1;10297434141;S
20240507;100302;580.45;1;10297434165;S
20240507;100303;580.45;1;10297434242;S
20240507;100303;580.45;1;10297434310;S
20240507;100304;580.45;110;10297434460;S
20240507;100304;580.4;10;10297434468;B
20240507;100304;580.35;1;10297434490;S
20240507;100304;580.35;1;10297434513;S
20240507;100304;580.3;8;10297434514;B
20240507;100304;580.15;1;10297434545;S
20240507;100305;580.15;33;10297434613;S
20240507;100305;580.1;1;10297434614;S
20240507;100305;580.1;4;10297434615;S
20240507;100305;580.1;10;10297434616;S
20240507;100305;580.1;78;10297434617;S
20240507;100305;580.05;88;10297434618;S
20240507;100305;580.05;1;10297434619;S
20240507;100305;580;88;10297434620;S
20240507;100305;580;25;10297434621;S
20240507;100305;580;337;10297434622;S
20240507;100305;580.15;10;10297434661;B
20240507;100305;580.15;10;10297434662;B
20240507;100305;580.15;14;10297434663;B
20240507;100305;580.15;6;10297434664;B
20240507;100305;580.15;10;10297434666;B
20240507;100305;580.15;30;10297434677;B
20240507;100305;580.15;10;10297434695;B
20240507;100305;580;1;10297434701;S
20240507;100306;580.15;8;10297434745;B
20240507;100306;580;2;10297434786;S
20240507;100306;580.15;40;10297434829;B
20240507;100306;580;1;10297434863;S
20240507;100307;580;1;10297434999;S
20240507;100307;580.15;3;10297435024;B
20240507;100307;580;1;10297435079;S
20240507;100308;580;1;10297435199;S
20240507;100308;580.15;4;10297435223;B
20240507;100308;580;1;10297435271;S
20240507;100308;580.15;10;10297435283;B
20240507;100309;580.15;2;10297435425;B
20240507;100309;580;1;10297435448;S
20240507;100309;580;1;10297435506;S
20240507;100310;580.15;1;10297435591;B
20240507;100310;580;1;10297435657;S
20240507;100310;580;1;10297435683;S
20240507;100311;580.15;5;10297435770;B
20240507;100311;580.15;7;10297435819;B
20240507;100311;580.05;1;10297435852;S
20240507;100311;580.05;1;10297435877;S
20240507;100312;580.05;1;10297436001;S
20240507;100312;580.05;1;10297436019;S
20240507;100313;580.05;1;10297436135;S
20240507;100313;580.05;1;10297436150;S
20240507;100314;580.05;1;10297436302;S
20240507;100314;580.15;1;10297436315;B
20240507;100314;580.05;1;10297436342;S
20240507;100315;580.05;30;10297436533;S
20240507;100315;580.05;1;10297436566;S
20240507;100315;580.05;1;10297436581;S
20240507;100316;580.2;2;10297436794;B
20240507;100316;580.05;1;10297436885;S
20240507;100316;580.1;1;10297436922;S
20240507;100316;580;151;10297436935;S
20240507;100316;580;5;10297436936;S
20240507;100316;580;3;10297436937;S
20240507;100317;580.2;1;10297437046;B
20240507;100317;580.2;4;10297437047;B
20240507;100317;580.2;5;10297437048;B
20240507;100317;580.2;20;10297437053;B
20240507;100317;580.05;34;10297437074;S
20240507;100317;580;97;10297437075;S
20240507;100317;580;3;10297437076;S
20240507;100317;580;15;10297437077;S
20240507;100317;580;5;10297437078;S
20240507;100317;580;5;10297437079;S
20240507;100317;580.15;1;10297437094;B
20240507;100317;580.25;19;10297437095;B
20240507;100317;580.2;10;10297437097;B
20240507;100317;580;15;10297437148;S
20240507;100317;579.95;1;10297437149;S
20240507;100317;579.95;7;10297437150;S
20240507;100317;579.9;136;10297437151;S
20240507;100317;580.2;20;10297437176;B
20240507;100317;579.95;8;10297437215;S
20240507;100317;579.95;1;10297437226;S
20240507;100317;579.95;1;10297437245;S
20240507;100318;579.95;24;10297437460;S
20240507;100318;579.9;135;10297437461;S
20240507;100318;580.05;4;10297437482;B
20240507;100318;580.1;16;10297437483;B
20240507;100318;579.9;159;10297437579;S
20240507;100318;580.05;20;10297437589;B
20240507;100318;580.05;10;10297437617;B
20240507;100318;580;159;10297437701;S
20240507;100318;580;1;10297437719;S
20240507;100318;580;1;10297437740;S
20240507;100318;580.05;4;10297437742;B
20240507;100318;580.1;6;10297437743;B
20240507;100319;580;90;10297437948;S
20240507;100319;580;1;10297437958;S
20240507;100319;580.05;10;10297437959;B
20240507;100319;580;1;10297437970;S
20240507;100320;580;2;10297438125;S
20240507;100320;580;345;10297438126;S
20240507;100320;580;40;10297438190;B
20240507;100320;579.9;1;10297438248;S
20240507;100320;580;18;10297438271;B
20240507;100320;580;7;10297438369;B
20240507;100320;579.9;1;10297438400;S
20240507;100320;579.9;159;10297438411;S
20240507;100321;580;20;10297438445;B
20240507;100321;580;1;10297438552;B
20240507;100321;580;1;10297438602;B
20240507;100321;579.9;222;10297438603;S
20240507;100321;579.9;187;10297438604;S
20240507;100321;579.9;34;10297438605;S
20240507;100321;579.85;30;10297438632;B
20240507;100321;579.85;20;10297438633;B
20240507;100321;579.85;10;10297438634;B
20240507;100321;579.75;1;10297438668;S
20240507;100321;579.75;199;10297438669;S
20240507;100321;579.75;1;10297438670;S
20240507;100321;579.7;30;10297438677;B
20240507;100321;579.65;1;10297438683;S
20240507;100322;579.7;10;10297438732;B
20240507;100322;579.65;1;10297438872;S
20240507;100322;579.65;1;10297438900;S
20240507;100322;579.65;17;10297438901;S
20240507;100322;579.65;1;10297438902;S
20240507;100323;579.65;1;10297439028;B
20240507;100323;579.5;1;10297439050;S
20240507;100324;579.45;1;10297439081;S
20240507;100324;579.55;1;10297439091;B
20240507;100324;579.55;1;10297439193;B
20240507;100324;579.55;1;10297439201;B
20240507;100324;579.45;1;10297439310;S
20240507;100325;579.45;1;10297439332;S
20240507;100325;579.45;18;10297439429;S
20240507;100325;579.35;1;10297439478;S
20240507;100326;579.35;1;10297439544;S
20240507;100326;579.35;7;10297439674;S
20240507;100327;579.35;1;10297439746;S
20240507;100327;579.35;1;10297439768;S
20240507;100327;579.5;1;10297439831;B
20240507;100327;579.35;1;10297439887;S
20240507;100328;579.35;3;10297439909;S
20240507;100328;579.35;1;10297439911;S
20240507;100328;579.35;1;10297440044;S
20240507;100329;579.5;1;10297440094;B
20240507;100329;579.5;2;10297440180;B
20240507;100329;579.35;1;10297440300;S
20240507;100330;579.35;1;10297440325;S
20240507;100330;579.35;1;10297440379;S
20240507;100331;579.35;1;10297440565;S
20240507;100331;579.35;1;10297440617;S
20240507;100331;579.35;150;10297440696;S
20240507;100331;579.35;10;10297440697;S
20240507;100331;579.5;20;10297440735;B
20240507;100331;579.5;1;10297440738;B
20240507;100332;579.35;1;10297440790;S
20240507;100332;579.35;1;10297440841;S
20240507;100333;579.35;1;10297441206;S
20240507;100333;579.5;4;10297441266;B
20240507;100333;579.35;1;10297441274;S
20240507;100334;579.35;1;10297441680;S
20240507;100334;579.35;1;10297441739;S
20240507;100335;579.35;1;10297441828;S
20240507;100335;579.35;1;10297441887;S
20240507;100335;579.5;5;10297441889;B
20240507;100336;579.35;1;10297442009;S
20240507;100336;579.35;1;10297442062;S
20240507;100336;579.5;10;10297442065;B
20240507;100336;579.5;10;10297442145;B
20240507;100337;579.35;1;10297442203;S
20240507;100337;579.35;1;10297442355;S
20240507;100338;579.4;1;10297442613;S
20240507;100338;579.4;1;10297442784;S
20240507;100339;579.4;1;10297443020;S
20240507;100339;579.4;1;10297443112;S
20240507;100340;579.4;1;10297443281;S
20240507;100340;579.4;1;10297443395;S
20240507;100341;579.4;1;10297443489;S
20240507;100341;579.45;1;10297443562;S
20240507;100341;579.5;16;10297443631;B
20240507;100342;579.5;3;10297443646;B
20240507;100342;579.4;1;10297443656;S
20240507;100342;579.4;1;10297443743;S
20240507;100343;579.4;1;10297443860;S
20240507;100343;579.4;1;10297444004;S
20240507;100343;579.5;14;10297444020;B
20240507;100343;579.5;1;10297444021;B
20240507;100344;579.55;1;10297444065;B
20240507;100344;579.5;1;10297444077;S
20240507;100344;579.5;13;10297444121;S
20240507;100344;579.5;1;10297444130;S
20240507;100345;579.5;1;10297444204;S
20240507;100345;579.5;500;10297444229;S
20240507;100345;579.5;12;10297444230;S
20240507;100345;579.55;35;10297444247;B
20240507;100345;579.6;25;10297444248;B
20240507;100345;579.6;10;10297444293;B
20240507;100345;579.5;1;10297444304;S
20240507;100346;579.5;1;10297444411;S
20240507;100346;579.5;1;10297444687;S
20240507;100347;579.5;1;10297444821;S
20240507;100347;579.5;1;10297444922;S
20240507;100348;579.65;1;10297445037;B
20240507;100348;579.5;1;10297445053;S
20240507;100348;579.5;3;10297445075;S
20240507;100348;579.5;1;10297445185;S
20240507;100348;579.65;12;10297445203;B
20240507;100349;579.5;1;10297445381;S
20240507;100350;579.5;1;10297445517;S
20240507;100351;579.6;10;10297445573;B
20240507;100351;579.5;1;10297445659;S
20240507;100353;579.5;1;10297445818;S
20240507;100353;579.65;10;10297445825;B
20240507;100353;579.65;1;10297445835;B
20240507;100353;579.85;1;10297445882;B
20240507;100354;579.55;1;10297445970;S
20240507;100354;579.75;1;10297446006;B
20240507;100354;579.55;2;10297446066;S
20240507;100355;579.55;1;10297446123;S
20240507;100355;579.75;2;10297446129;B
20240507;100355;579.75;1;10297446152;B
20240507;100356;579.55;1;10297446241;S
20240507;100356;579.75;1;10297446258;B
20240507;100357;579.55;1;10297446378;S
20240507;100357;579.8;1;10297446401;B
20240507;100357;579.55;28;10297446403;S
20240507;100357;579.55;42;10297446404;S
20240507;100357;579.75;1;10297446487;B
20240507;100358;579.65;18;10297446575;S
20240507;100358;579.6;1;10297446597;S
20240507;100358;579.75;10;10297446598;B
20240507;100358;579.75;1;10297446618;B
20240507;100358;579.75;17;10297446654;B
20240507;100358;579.8;53;10297446655;B
20240507;100358;579.75;1;10297446663;B
20240507;100358;579.8;6;10297446664;B
20240507;100358;579.9;10;10297446668;B
20240507;100359;579.6;1;10297446738;S
20240507;100359;579.75;1;10297446801;B
20240507;100400;579.6;1;10297446919;S
20240507;100400;579.6;7;10297446924;S
20240507;100400;579.75;1;10297446940;B
20240507;100401;579.65;1;10297447244;S
20240507;100401;579.75;1;10297447266;B
20240507;100402;579.6;1;10297447436;S
20240507;100402;579.75;1;10297447458;B
20240507;100402;579.75;5;10297447465;B
20240507;100402;579.8;145;10297447466;B
20240507;100402;579.85;36;10297447467;B
20240507;100402;579.8;1;10297447483;B
20240507;100402;579.85;9;10297447484;B
20240507;100402;579.85;10;10297447486;B
20240507;100403;579.6;1;10297447642;S
20240507;100403;579.8;1;10297447657;B
20240507;100404;579.6;1;10297447849;S
20240507;100404;579.85;1;10297447865;B
20240507;100405;580;1;10297448177;B
20240507;100405;579.7;1;10297448195;S
20240507;100406;579.95;1;10297448330;B
20240507;100406;579.8;1;10297448365;S
20240507;100407;580;1;10297448491;B
20240507;100407;580;10;10297448528;S
20240507;100407;580.15;1;10297448576;B
20240507;100407;580;1;10297448612;S
20240507;100408;580.15;1;10297448777;B
20240507;100408;580;1;10297448812;S
20240507;100408;580.15;3;10297448815;B
20240507;100408;580.2;97;10297448816;B
20240507;100408;580.25;10;10297448823;B
20240507;100409;580.3;1;10297448947;B
20240507;100409;580;1;10297448988;S
20240507;100410;580.3;1;10297449165;B
20240507;100410;580;1;10297449203;S
20240507;100411;580.3;2;10297449256;B
20240507;100411;580.25;1;10297449308;B
20240507;100411;580.05;1;10297449366;S
20240507;100412;580.2;1;10297449462;B
20240507;100413;580.05;1;10297449513;S
20240507;100413;580.2;1;10297449581;B
20240507;100413;580.15;1;10297449614;B
20240507;100414;580;1;10297449660;S
20240507;100414;580.15;1;10297449832;B
20240507;100415;580;1;10297449911;S
20240507;100415;580.15;1;10297450041;B
20240507;100416;580;1;10297450103;S
20240507;100416;580.15;1;10297450179;B
20240507;100417;580;1;10297450264;S
20240507;100417;580.15;1;10297450364;B
20240507;100418;580;1;10297450430;S
20240507;100418;580.15;1;10297450545;B
20240507;100419;580;1;10297450647;S
20240507;100419;580.15;1;10297450700;B
20240507;100420;580;1;10297450842;S
20240507;100420;580.1;5;10297450871;B
20240507;100420;580.1;1;10297450911;B
20240507;100421;580;1;10297451019;S
20240507;100421;580.15;1;10297451053;B
20240507;100422;580;17;10297451142;S
20240507;100422;580;2;10297451143;S
20240507;100422;580;4;10297451144;S
20240507;100422;579.95;10;10297451154;B
20240507;100422;579.9;1;10297451228;S
20240507;100422;579.95;1;10297451234;B
20240507;100423;579.75;1;10297451348;S
20240507;100423;579.9;1;10297451368;B
20240507;100424;579.9;45;10297451440;B
20240507;100424;579.95;65;10297451445;B
20240507;100424;579.95;35;10297451446;B
20240507;100424;579.95;10;10297451467;B
20240507;100424;579.75;1;10297451492;S
20240507;100424;579.95;1;10297451513;B
20240507;100425;579.75;1;10297451665;S
20240507;100425;579.95;12;10297451680;B
20240507;100425;579.95;1;10297451684;B
20240507;100425;579.95;10;10297451705;B
20240507;100426;579.75;1;10297451841;S
20240507;100426;579.95;1;10297451876;B
20240507;100427;579.95;5;10297452120;B
20240507;100428;579.75;1;10297452148;S
20240507;100428;579.95;1;10297452157;B
20240507;100428;579.95;1;10297452314;B
20240507;100429;579.95;1;10297452513;B
20240507;100430;579.75;1;10297452574;S
20240507;100430;579.75;1;10297452616;S
20240507;100430;579.75;1;10297452734;S
20240507;100430;579.95;1;10297452736;B
20240507;100431;579.95;266;10297452786;B
20240507;100431;579.95;5;10297452813;S
20240507;100431;580;30;10297452814;B
20240507;100431;580;10;10297452848;B
20240507;100431;579.95;1;10297452948;S
20240507;100431;579.95;1;10297452950;S
20240507;100431;580;1;10297452960;B
20240507;100432;580;336;10297453069;B
20240507;100432;580;1;10297453070;B
20240507;100432;580;8;10297453071;B
20240507;100432;580;40;10297453085;B
20240507;100432;580;10;10297453106;B
20240507;100432;579.95;2;10297453139;S
20240507;100432;579.95;1;10297453160;S
20240507;100432;580;1;10297453161;B
20240507;100433;579.95;14;10297453241;S
20240507;100433;580;1;10297453336;B
20240507;100434;579.95;1;10297453354;S
20240507;100435;580;1;10297453493;B
20240507;100435;579.95;1;10297453513;S
20240507;100436;580;1;10297453619;B
20240507;100436;579.95;1;10297453643;S
20240507;100437;580;1;10297453828;B
20240507;100437;579.95;1;10297453853;S
20240507;100438;580;1;10297454085;B
20240507;100438;579.95;1;10297454108;S
20240507;100439;580;1;10297454262;B
20240507;100439;579.95;1;10297454279;S
20240507;100440;580;1;10297454412;B
20240507;100440;579.95;1;10297454423;S
20240507;100440;579.95;4;10297454452;S
20240507;100440;579.95;25;10297454457;S
20240507;100440;580;4;10297454486;B
20240507;100440;580;6;10297454487;B
20240507;100441;580;294;10297454623;B
20240507;100441;580.2;300;10297454649;B
20240507;100441;580.2;1;10297454663;B
20240507;100441;580.2;30;10297454664;B
20240507;100441;580.3;6;10297454673;B
20240507;100441;580.3;30;10297454674;B
20240507;100441;580.3;9;10297454675;B
20240507;100441;580.05;1;10297454701;S
20240507;100442;580.25;1;10297454842;B
20240507;100442;580.05;1;10297454886;S
20240507;100443;580.25;1;10297455058;B
20240507;100443;580.05;1;10297455084;S
20240507;100444;580.3;1;10297455194;B
20240507;100444;580.05;1;10297455239;S
20240507;100445;580.3;1;10297455327;B
20240507;100445;580.05;1;10297455367;S
20240507;100446;580.3;1;10297455469;B
20240507;100446;580.3;1;10297455555;S
20240507;100447;580.45;1;10297455651;B
20240507;100447;580.3;1;10297455696;S
20240507;100447;580.3;1;10297455716;S
20240507;100448;580.5;1;10297455797;B
20240507;100448;580.3;1;10297455842;S
20240507;100449;580.5;1;10297455921;B
20240507;100449;580.35;1;10297455995;S
20240507;100449;580.5;7;10297456023;B
20240507;100449;580.6;3;10297456024;B
20240507;100449;580.6;1;10297456054;B
20240507;100450;580.6;1;10297456094;B
20240507;100450;580.6;1600;10297456107;B
20240507;100450;580.6;160;10297456126;B
20240507;100450;580.6;58;10297456127;B
20240507;100450;580.45;1;10297456133;S
20240507;100450;580.6;10;10297456139;B
20240507;100450;580.6;10;10297456140;B
20240507;100451;580.6;1;10297456282;B
20240507;100451;580.45;1;10297456319;S
20240507;100452;580.6;4;10297456396;B
20240507;100452;580.6;1;10297456438;B
20240507;100452;580.45;1;10297456494;S
20240507;100453;580.6;1;10297456553;B
20240507;100453;580.45;1;10297456633;S
20240507;100454;580.6;1;10297456701;B
20240507;100454;580.45;26;10297456724;S
20240507;100455;580.45;1;10297456776;S
20240507;100455;580.6;1;10297456865;B
20240507;100456;580.45;1;10297457019;S
20240507;100456;580.6;1;10297457063;B
20240507;100457;580.45;1;10297457178;S
20240507;100457;580.6;1;10297457242;B
20240507;100458;580.5;1;10297457306;S
20240507;100458;580.6;1;10297457351;B
20240507;100459;580.35;1;10297457542;S
20240507;100459;580.5;1;10297457600;B
20240507;100500;580.5;5;10297457670;B
20240507;100500;580.5;10;10297457672;B
20240507;100500;580.5;1;10297457677;B
20240507;100500;580.5;1;10297457702;B
20240507;100500;580.5;1;10297457752;B
20240507;100501;580.5;1;10297457884;B
20240507;100501;580.5;1;10297457974;B
20240507;100502;580.5;1;10297458106;B
20240507;100502;580.5;1;10297458129;B
20240507;100502;580.5;1;10297458164;B
20240507;100503;580.5;6;10297458340;B
20240507;100503;580.5;44;10297458341;B
20240507;100503;580.5;1;10297458388;B
20240507;100503;580.5;1;10297458476;B
20240507;100504;580.5;1;10297458660;B
20240507;100504;580.5;1;10297458674;B
20240507;100505;580.5;1;10297458805;B
20240507;100505;580.5;1;10297458820;B
20240507;100506;580.5;1;10297458967;B
20240507;100506;580.5;1;10297459008;B
20240507;100507;580.5;1;10297459174;B
20240507;100507;580.5;1;10297459201;B
20240507;100507;580.35;19;10297459219;S
20240507;100507;580.5;10;10297459241;B
20240507;100508;580.5;50;10297459285;B
20240507;100508;580.5;1;10297459340;B
20240507;100508;580.5;1;10297459352;B
20240507;100509;580.5;1;10297459524;B
20240507;100509;580.5;1;10297459535;B
20240507;100510;580.5;1;10297459699;B
20240507;100510;580.5;1;10297459710;B
20240507;100511;580.5;1;10297459909;B
20240507;100511;580.5;1;10297459922;B
20240507;100512;580.5;1;10297460133;B
20240507;100512;580.5;1;10297460141;B
20240507;100513;580.5;1;10297460278;B
20240507;100513;580.5;1;10297460286;B
20240507;100514;580.5;2;10297460354;B
20240507;100514;580.5;2;10297460356;B
20240507;100514;580.5;2;10297460360;B
20240507;100514;580.5;1;10297460382;B
20240507;100514;580.5;1;10297460402;B
20240507;100514;580.5;1;10297460405;B
20240507;100515;580.5;1;10297460552;B
20240507;100515;580.5;1;10297460574;B
20240507;100516;580.35;2;10297460686;S
20240507;100516;580.5;1;10297460741;B
20240507;100516;580.5;1;10297460750;B
20240507;100517;580.5;5;10297460881;B
20240507;100517;580.5;1;10297460882;B
20240507;100517;580.5;1;10297460883;B
20240507;100518;580.5;1;10297461066;B
20240507;100518;580.5;1;10297461080;B
20240507;100519;580.5;1;10297461258;B
20240507;100520;580.5;1;10297461268;B
20240507;100521;580.5;1;10297461433;B
20240507;100521;580.5;1;10297461436;B
20240507;100521;580.5;10;10297461474;B
20240507;100522;580.35;2;10297461616;S
20240507;100522;580.5;1;10297461618;B
20240507;100522;580.5;1;10297461621;B
20240507;100523;580.5;1;10297461807;B
20240507;100523;580.5;1;10297461817;B
20240507;100523;580.5;84;10297461864;B
20240507;100523;580.5;100;10297461865;B
20240507;100523;580.55;200;10297461866;B
20240507;100523;580.55;63;10297461867;B
20240507;100523;580.6;85;10297461868;B
20240507;100523;580.6;20;10297461869;B
20240507;100523;580.65;137;10297461870;B
20240507;100523;580.65;10;10297461911;B
20240507;100523;580.65;10;10297461913;B
20240507;100523;580.65;20;10297461914;B
20240507;100523;580.65;10;10297461915;B
20240507;100523;580.65;20;10297461917;B
20240507;100524;580.65;1;10297461966;B
20240507;100524;580.65;1;10297461968;B
20240507;100524;580.65;1;10297461994;B
20240507;100525;580.65;1;10297462119;B
20240507;100525;580.65;1;10297462126;B
20240507;100525;580.65;25;10297462208;B
20240507;100525;580.65;10;10297462233;B
20240507;100526;580.65;5;10297462269;B
20240507;100526;580.65;1;10297462304;B
20240507;100526;580.65;1;10297462340;B
20240507;100526;580.65;30;10297462381;B
20240507;100527;580.65;1;10297462462;B
20240507;100527;580.65;1;10297462478;B
20240507;100528;580.6;1;10297462591;B
20240507;100528;580.6;1;10297462753;B
20240507;100529;580.6;1;10297462802;B
20240507;100529;580.6;1;10297462855;B
20240507;100529;580.5;3;10297462874;S
20240507;100530;580.6;1;10297462934;B
20240507;100530;580.65;1;10297462987;B
20240507;100531;580.65;1;10297463088;B
20240507;100531;580.65;1;10297463123;B
20240507;100532;580.65;1;10297463245;B
20240507;100532;580.7;1;10297463289;B
20240507;100533;580.8;1;10297463377;B
20240507;100533;580.8;1;10297463420;B
20240507;100534;580.7;1;10297463490;B
20240507;100534;580.75;1;10297463495;B
20240507;100534;580.75;1;10297463536;B
20240507;100534;580.75;10;10297463585;B
20240507;100534;580.8;170;10297463586;B
20240507;100534;580.8;277;10297463587;B
20240507;100535;580.8;20;10297463597;B
20240507;100535;580.8;30;10297463598;B
20240507;100535;580.85;1;10297463633;B
20240507;100535;580.9;1;10297463739;B
20240507;100536;580.9;1;10297463855;B
20240507;100536;580.9;1;10297463892;B
20240507;100536;580.9;1;10297463942;B
20240507;100537;580.9;1;10297464063;B
20240507;100537;580.9;1;10297464106;B
20240507;100538;580.9;1;10297464181;B
20240507;100538;580.9;1;10297464221;B
20240507;100538;580.9;1;10297464303;B
20240507;100539;580.9;1;10297464445;B
20240507;100539;580.75;12;10297464456;S
20240507;100539;580.7;34;10297464457;S
20240507;100539;580.7;62;10297464458;S
20240507;100539;580.65;177;10297464459;S
20240507;100539;580.55;1;10297464460;S
20240507;100539;580.55;173;10297464461;S
20240507;100539;580.5;70;10297464462;S
20240507;100539;580.5;1;10297464463;S
20240507;100539;580.5;70;10297464464;S
20240507;100539;580.65;10;10297464477;B
20240507;100539;580.65;20;10297464478;B
20240507;100539;580.65;4;10297464479;B
20240507;100539;580.7;16;10297464480;B
20240507;100539;580.7;10;10297464481;B
20240507;100539;580.75;10;10297464499;B
20240507;100539;580.75;1;10297464519;B
20240507;100540;580.75;1;10297464620;B
20240507;100540;580.75;1;10297464703;B
20240507;100541;580.75;1;10297464836;B
20240507;100541;580.65;13;10297464890;S
20240507;100541;580.75;1;10297464900;B
20240507;100542;580.75;1;10297465072;B
20240507;100543;580.75;1;10297465205;B
20240507;100544;580.75;1;10297465342;B
20240507;100545;580.75;44;10297465460;B
20240507;100545;580.75;131;10297465461;B
20240507;100546;580.75;1;10297465467;B
20240507;100546;580.75;10;10297465469;B
20240507;100546;580.75;10;10297465470;B
20240507;100546;580.65;1;10297465594;S
20240507;100547;580.75;1;10297465655;B
20240507;100547;580.65;1;10297465851;S
20240507;100548;580.75;1;10297465876;B
20240507;100548;580.65;1;10297465987;S
20240507;100549;580.75;1;10297466022;B
20240507;100549;580.75;1;10297466027;B
20240507;100549;580.7;1;10297466117;S
20240507;100549;580.75;2;10297466127;B
20240507;100550;580.75;1;10297466142;B
20240507;100550;580.75;72;10297466191;B
20240507;100550;580.8;61;10297466192;B
20240507;100550;580.85;172;10297466193;B
20240507;100550;580.9;90;10297466194;B
20240507;100550;580.9;62;10297466195;B
20240507;100550;580.9;50;10297466196;B
20240507;100550;580.9;387;10297466197;B
20240507;100550;580.9;1000;10297466198;B
20240507;100550;580.95;1;10297466199;B
20240507;100550;580.95;172;10297466200;B
20240507;100550;580.95;250;10297466201;B
20240507;100550;581;850;10297466202;B
20240507;100550;581;2;10297466203;B
20240507;100550;581;177;10297466204;B
20240507;100550;581.05;172;10297466205;B
20240507;100550;581.15;1000;10297466206;B
20240507;100550;581.15;350;10297466207;B
20240507;100550;581.2;10;10297466208;B
20240507;100550;581.3;122;10297466209;B
20240507;100550;581.2;500;10297466210;B
20240507;100550;581.25;10;10297466241;B
20240507;100550;581.25;10;10297466242;B
20240507;100550;581.25;20;10297466243;B
20240507;100550;581.25;20;10297466244;B
20240507;100550;581.25;10;10297466245;B
20240507;100550;581.25;50;10297466246;B
20240507;100550;581.25;110;10297466247;B
20240507;100550;581.3;20;10297466249;B
20240507;100550;581.3;30;10297466250;B
20240507;100550;581.3;80;10297466253;B
20240507;100550;581.3;20;10297466254;B
20240507;100550;581.3;20;10297466255;B
20240507;100550;581.3;22;10297466256;B
20240507;100550;581.35;40;10297466257;B
20240507;100550;581.4;38;10297466258;B
20240507;100550;581.4;30;10297466259;B
20240507;100550;581.4;20;10297466260;B
20240507;100550;581.4;60;10297466263;B
20240507;100550;581.4;10;10297466288;B
20240507;100550;581.4;10;10297466289;B
20240507;100550;581.4;4;10297466290;B
20240507;100550;581.45;6;10297466291;B
20240507;100550;581.4;10;10297466292;B
20240507;100550;581.4;10;10297466293;B
20240507;100550;581.4;10;10297466294;B
20240507;100550;581.3;100;10297466297;S
20240507;100550;581.25;34;10297466298;S
20240507;100550;581.25;173;10297466299;S
20240507;100550;581.25;293;10297466300;S
20240507;100550;581.3;1;10297466323;S
20240507;100550;581.4;10;10297466325;B
20240507;100550;581.4;10;10297466327;B
20240507;100550;581.4;20;10297466330;B
20240507;100550;581.4;30;10297466331;B
20240507;100551;581.4;1;10297466339;B
20240507;100551;581.45;10;10297466340;B
20240507;100551;581.3;1;10297466432;S
20240507;100552;581.45;34;10297466448;B
20240507;100552;581.45;34;10297466449;B
20240507;100552;581.5;69;10297466450;B
20240507;100552;581.5;5;10297466451;B
20240507;100552;581.5;100;10297466452;B
20240507;100552;581.5;172;10297466453;B
20240507;100552;581.5;86;10297466454;B
20240507;100552;581.5;10;10297466462;B
20240507;100552;581.5;20;10297466463;B
20240507;100552;581.5;20;10297466464;B
20240507;100552;581.5;10;10297466466;B
20240507;100552;581.5;1;10297466467;B
20240507;100552;581.5;10;10297466482;B
20240507;100552;581.5;10;10297466484;B
20240507;100553;581.35;1;10297466615;S
20240507;100553;581.5;1;10297466630;B
20240507;100554;581.35;1;10297466758;S
20240507;100554;581.45;1;10297466794;B
20240507;100555;581.5;1;10297466914;B
20240507;100555;581.55;1;10297466915;B
20240507;100555;581.45;1;10297466921;S
20240507;100555;581.6;1;10297466953;B
20240507;100556;581.45;1;10297467069;S
20240507;100556;581.55;1;10297467096;B
20240507;100557;581.45;1;10297467203;S
20240507;100557;581.6;1;10297467259;B
20240507;100558;581.5;1;10297467377;S
20240507;100558;581.65;1;10297467431;B
20240507;100558;581.65;2;10297467471;B
20240507;100559;581.5;1;10297467541;S
20240507;100559;581.65;1;10297467587;B
20240507;100600;581.6;2;10297467699;B
20240507;100600;581.45;1;10297467701;S
20240507;100600;581.6;1;10297467755;B
20240507;100601;581.45;1;10297467938;S
20240507;100601;581.45;1;10297467956;S
20240507;100601;581.45;28;10297467996;S
20240507;100601;581.45;2;10297467997;S
20240507;100601;581.4;18;10297468003;S
20240507;100601;581.6;1;10297468025;B
20240507;100601;581.4;10;10297468108;S
20240507;100601;581.6;10;10297468156;B
20240507;100602;581.35;1;10297468273;S
20240507;100602;581.45;1;10297468341;B
20240507;100602;581.35;10;10297468454;S
20240507;100603;581.15;5;10297468481;S
20240507;100603;581;1;10297468522;S
20240507;100603;581.1;1;10297468602;B
20240507;100603;581.15;1;10297468635;B
20240507;100604;581;1;10297468747;S
20240507;100604;581.1;1;10297468784;B
20240507;100604;581;1;10297468824;B
20240507;100605;581.05;1;10297468848;B
20240507;100605;580.95;1;10297468855;S
20240507;100605;581;1;10297468922;B
20240507;100605;580.95;1;10297468926;S
20240507;100605;581.1;5;10297468932;B
20240507;100606;580.9;1;10297469050;S
20240507;100606;581;1;10297469112;B
20240507;100607;580.9;1;10297469244;S
20240507;100607;580.95;1;10297469309;S
20240507;100607;581;1;10297469323;B
20240507;100608;580.95;1;10297469417;S
20240507;100608;581;1;10297469455;B
20240507;100608;581.05;1;10297469472;B
20240507;100608;581;1;10297469489;S
20240507;100609;580.9;1;10297469563;S
20240507;100609;581;120;10297469659;B
20240507;100609;581;1;10297469674;B
20240507;100610;581.1;5;10297469685;B
20240507;100610;581.15;5;10297469686;B
20240507;100610;581;1;10297469726;S
20240507;100610;581.15;26;10297469748;B
20240507;100610;581.15;147;10297469749;B
20240507;100610;581.2;10;10297469750;B
20240507;100610;581.2;173;10297469751;B
20240507;100610;581.25;56;10297469752;B
20240507;100610;581.25;177;10297469753;B
20240507;100610;581.3;387;10297469754;B
20240507;100610;581.35;482;10297469755;B
20240507;100610;581.35;289;10297469756;B
20240507;100610;581.4;10;10297469771;B
20240507;100610;581.4;10;10297469772;B
20240507;100610;581.4;20;10297469773;B
20240507;100610;581.4;10;10297469774;B
20240507;100610;581.4;10;10297469775;B
20240507;100610;581.4;40;10297469776;B
20240507;100610;581.4;50;10297469777;B
20240507;100610;581.4;30;10297469778;B
20240507;100610;581.4;10;10297469791;B
20240507;100610;581.4;10;10297469792;B
20240507;100610;581.4;1;10297469833;B
20240507;100611;581.2;1;10297469923;S
20240507;100611;581.4;1;10297469926;B
20240507;100611;581.45;1;10297469967;B
20240507;100611;581.2;1;10297469993;S
20240507;100611;581.45;1;10297469996;B
20240507;100612;581.2;32;10297470027;S
20240507;100612;581.2;68;10297470028;S
20240507;100612;581.2;1;10297470032;S
20240507;100612;581.35;10;10297470040;B
20240507;100612;581.2;1;10297470117;S
20240507;100613;581.35;1;10297470130;B
20240507;100613;581.2;1;10297470214;S
20240507;100614;581.35;1;10297470297;B
20240507;100614;581.2;1;10297470318;S
20240507;100614;581.2;7;10297470344;S
20240507;100615;581.35;1;10297470404;B
20240507;100615;581.2;1;10297470454;S
20240507;100615;581.35;1;10297470463;B
20240507;100615;581.35;20;10297470473;B
20240507;100615;581.35;127;10297470474;B
20240507;100615;581.35;20;10297470483;B
20240507;100616;581.35;1;10297470550;B
20240507;100616;581.2;1;10297470606;S
20240507;100617;581.4;1;10297470817;B
20240507;100617;581.2;1;10297470858;S
20240507;100618;581.2;1;10297471067;S
20240507;100618;581.4;1;10297471084;B
20240507;100619;581.35;1;10297471193;S
20240507;100619;581.45;1;10297471208;B
20240507;100620;581.45;17;10297471279;B
20240507;100620;581.45;55;10297471280;B
20240507;100620;581.5;171;10297471281;B
20240507;100620;581.5;177;10297471282;B
20240507;100620;581.55;353;10297471283;B
20240507;100620;581.6;171;10297471284;B
20240507;100620;581.6;387;10297471285;B
20240507;100620;581.6;136;10297471286;B
20240507;100620;581.6;1;10297471287;B
20240507;100620;581.65;796;10297471288;B
20240507;100620;581.65;236;10297471289;B
20240507;100620;581.65;10;10297471313;B
20240507;100620;581.65;20;10297471314;B
20240507;100620;581.65;20;10297471316;B
20240507;100620;581.65;40;10297471317;B
20240507;100620;581.65;20;10297471318;B
20240507;100620;581.65;29;10297471319;B
20240507;100620;581.65;11;10297471320;B
20240507;100620;581.65;10;10297471321;B
20240507;100620;581.65;10;10297471322;B
20240507;100620;581.7;80;10297471324;B
20240507;100620;581.7;20;10297471325;B
20240507;100620;581.8;10;10297471337;B
20240507;100620;581.8;10;10297471339;B
20240507;100620;581.8;10;10297471345;B
20240507;100620;581.6;1;10297471357;S
20240507;100620;581.75;1;10297471359;B
20240507;100621;581.6;53;10297471503;S
20240507;100621;581.55;11;10297471515;S
20240507;100621;581.65;5;10297471524;B
20240507;100621;581.75;5;10297471525;B
20240507;100621;581.55;1;10297471551;S
20240507;100621;581.75;1;10297471560;B
20240507;100621;581.75;4;10297471561;B
20240507;100621;581.75;1;10297471566;B
20240507;100622;581.55;22;10297471655;S
20240507;100622;581.55;54;10297471656;S
20240507;100622;581.55;173;10297471657;S
20240507;100622;581.5;100;10297471658;S
20240507;100622;581.5;177;10297471659;S
20240507;100622;581.5;10;10297471676;B
20240507;100622;581.5;10;10297471677;B
20240507;100622;581.5;4;10297471678;B
20240507;100622;581.6;6;10297471679;B
20240507;100622;581.6;20;10297471680;B
20240507;100622;581.6;9;10297471692;B
20240507;100622;581.7;1;10297471693;B
20240507;100622;581.45;1;10297471725;S
20240507;100622;581.65;1;10297471730;B
20240507;100623;581.45;1;10297471797;S
20240507;100623;581.45;1;10297471869;S
20240507;100623;581.65;1;10297471909;B
20240507;100624;581.45;23;10297472016;S
20240507;100624;581.45;1;10297472081;S
20240507;100624;581.65;1;10297472089;B
20240507;100625;581.45;1;10297472244;S
20240507;100625;581.65;1;10297472257;B
20240507;100626;581.65;1;10297472407;B
20240507;100626;581.45;1;10297472422;S
20240507;100627;581.65;22;10297472570;B
20240507;100627;581.65;3;10297472571;B
20240507;100627;581.65;1;10297472572;B
20240507;100627;581.7;170;10297472573;B
20240507;100627;581.7;54;10297472574;B
20240507;100627;581.7;176;10297472575;B
20240507;100627;581.75;304;10297472576;B
20240507;100627;581.75;177;10297472577;B
20240507;100627;581.8;93;10297472578;B
20240507;100627;581.75;1;10297472586;B
20240507;100627;581.75;20;10297472600;B
20240507;100627;581.75;20;10297472601;B
20240507;100627;581.75;30;10297472602;B
20240507;100627;581.75;20;10297472603;B
20240507;100627;581.75;10;10297472604;B
20240507;100627;581.55;1;10297472605;S
20240507;100628;581.75;10;10297472618;B
20240507;100628;581.55;1;10297472689;S
20240507;100628;581.75;1;10297472696;B
20240507;100629;581.75;1;10297472811;B
20240507;100629;581.55;1;10297472812;S
20240507;100629;581.75;1;10297472845;B
20240507;100630;581.55;1;10297472978;S
20240507;100630;581.75;62;10297473000;B
20240507;100630;581.75;2;10297473001;B
20240507;100630;581.75;54;10297473002;B
20240507;100630;581.8;146;10297473003;B
20240507;100630;581.8;171;10297473004;B
20240507;100630;581.8;565;10297473005;B
20240507;100630;581.75;4;10297473018;B
20240507;100630;581.85;6;10297473019;B
20240507;100630;581.85;20;10297473020;B
20240507;100630;581.85;20;10297473022;B
20240507;100630;581.85;60;10297473023;B
20240507;100630;581.85;1;10297473032;B
20240507;100631;581.85;10;10297473041;B
20240507;100631;581.55;1;10297473143;S
20240507;100631;581.8;1;10297473173;B
20240507;100632;581.55;1;10297473312;S
20240507;100633;581.8;1;10297473359;B
20240507;100633;581.85;583;10297473385;B
20240507;100633;581.85;47;10297473386;B
20240507;100633;581.85;60;10297473395;B
20240507;100633;581.85;10;10297473396;B
20240507;100633;581.55;1;10297473473;S
20240507;100634;581.65;1;10297473537;B
20240507;100634;581.55;1;10297473650;S
20240507;100635;581.65;1;10297473683;B
20240507;100635;581.55;26;10297473688;S
20240507;100635;581.55;173;10297473689;S
20240507;100635;581.55;8;10297473690;S
20240507;100635;581.55;177;10297473691;S
20240507;100635;581.55;54;10297473692;S
20240507;100635;581.45;100;10297473693;S
20240507;100635;581.35;29;10297473694;S
20240507;100635;581.35;100;10297473695;S
20240507;100635;581.35;119;10297473696;S
20240507;100635;581.65;10;10297473710;B
20240507;100635;581.65;2;10297473711;B
20240507;100635;581.7;18;10297473712;B
20240507;100635;581.7;10;10297473713;B
20240507;100635;581.75;10;10297473714;B
20240507;100635;581.8;1;10297473715;B
20240507;100635;581.85;9;10297473716;B
20240507;100635;581.85;10;10297473717;B
20240507;100635;581.85;10;10297473718;B
20240507;100635;581.85;10;10297473719;B
20240507;100635;581.85;10;10297473730;B
20240507;100635;581.7;1;10297473772;S
20240507;100636;581.85;1;10297473870;B
20240507;100636;581.9;70;10297473898;B
20240507;100636;581.9;10;10297473925;B
20240507;100636;581.7;1;10297473968;S
20240507;100637;581.9;1;10297474045;B
20240507;100637;581.7;1;10297474174;S
20240507;100638;581.85;1;10297474253;B
20240507;100638;581.75;1;10297474314;S
20240507;100639;581.9;1;10297474417;B
20240507;100639;581.85;1;10297474458;S
20240507;100640;581.9;222;10297474546;B
20240507;100640;581.9;30;10297474551;B
20240507;100640;581.9;9;10297474557;B
20240507;100640;581.9;1;10297474558;B
20240507;100640;581.9;10;10297474572;B
20240507;100640;581.85;1;10297474607;S
20240507;100640;581.9;222;10297474627;B
20240507;100641;581.9;20;10297474650;B
20240507;100641;581.9;1;10297474723;B
20240507;100641;581.8;1;10297474757;S
20240507;100642;581.8;53;10297474762;S
20240507;100642;581.8;97;10297474763;S
20240507;100642;581.9;10;10297474795;B
20240507;100642;581.9;10;10297474796;B
20240507;100642;581.9;1;10297474886;B
20240507;100642;581.8;1;10297474949;S
20240507;100643;581.8;1;10297475013;S
20240507;100643;581.9;1;10297475115;B
20240507;100643;581.8;1;10297475153;S
20240507;100644;581.75;20;10297475251;S
20240507;100644;581.9;1;10297475272;B
20240507;100644;581.75;1;10297475296;S
20240507;100645;581.85;2;10297475345;S
20240507;100645;581.85;173;10297475346;S
20240507;100645;581.85;75;10297475347;S
20240507;100645;581.9;20;10297475360;B
20240507;100645;581.9;10;10297475361;B
20240507;100645;581.9;1;10297475375;B
20240507;100646;581.8;1;10297475407;S
20240507;100646;581.9;1;10297475510;B
20240507;100647;581.8;1;10297475579;S
20240507;100647;581.9;1;10297475732;B
20240507;100648;581.8;1;10297475769;S
20240507;100648;581.9;1;10297475917;B
20240507;100649;581.8;1;10297475926;S
20240507;100649;581.85;1;10297476087;B
20240507;100650;581.8;1;10297476104;S
20240507;100650;581.85;1;10297476111;B
20240507;100650;581.75;2;10297476112;S
20240507;100650;581.85;8;10297476170;B
20240507;100651;581.75;1;10297476245;S
20240507;100651;581.75;1;10297476250;S
20240507;100651;581.85;1;10297476361;B
20240507;100652;581.75;1;10297476434;S
20240507;100652;581.85;1;10297476439;B
20240507;100653;581.75;1;10297476592;S
20240507;100653;581.8;1;10297476604;B
20240507;100654;581.85;1;10297476781;B
20240507;100654;581.75;1;10297476789;S
20240507;100654;581.85;1;10297476799;B
20240507;100654;581.85;10;10297476802;B
20240507;100654;581.85;1;10297476809;B
20240507;100654;581.85;10;10297476819;B
20240507;100654;581.8;1;10297476833;S
20240507;100654;581.8;30;10297476834;S
20240507;100654;581.75;121;10297476835;S
20240507;100654;581.85;10;10297476856;B
20240507;100655;581.75;1;10297477090;S
20240507;100655;581.8;1;10297477097;B
20240507;100656;581.75;1;10297477329;S
20240507;100656;581.75;100;10297477334;S
20240507;100656;581.8;1;10297477339;B
20240507;100656;581.8;10;10297477341;B
20240507;100657;581.8;1;10297477542;B
20240507;100657;581.75;1;10297477544;S
20240507;100658;581.8;1;10297477672;B
20240507;100658;581.8;1;10297477711;B
20240507;100658;581.75;1;10297477715;S
20240507;100659;581.8;1;10297477872;B
20240507;100659;581.75;100;10297477873;S
20240507;100659;581.75;1;10297477878;S
20240507;100659;581.8;20;10297477892;B
20240507;100659;581.8;10;10297477916;B
20240507;100700;581.8;1;10297478070;B
20240507;100700;581.75;1;10297478077;S
20240507;100701;581.8;11;10297478244;B
20240507;100701;581.75;1;10297478254;S
20240507;100701;581.8;1;10297478299;B
20240507;100702;581.75;1;10297478455;S
20240507;100702;581.75;622;10297478461;S
20240507;100702;581.8;1;10297478475;B
20240507;100702;581.8;59;10297478476;B
20240507;100702;581.8;1;10297478479;B
20240507;100702;581.8;10;10297478509;B
20240507;100703;581.75;1;10297478587;S
20240507;100703;581.75;1;10297478625;S
20240507;100703;581.8;1;10297478627;B
20240507;100704;581.75;1;10297478772;S
20240507;100704;581.8;1;10297478809;B
20240507;100704;581.75;5;10297478817;S
20240507;100705;581.75;1;10297478923;S
20240507;100705;581.75;83;10297478926;S
20240507;100705;581.8;10;10297478943;B
20240507;100705;581.8;1;10297478965;B
20240507;100705;581.8;13;10297478995;B
20240507;100706;581.75;2;10297479004;S
20240507;100706;581.75;1;10297479030;S
20240507;100706;581.75;1;10297479053;S
20240507;100706;581.8;1;10297479079;B
20240507;100706;581.75;6;10297479146;S
20240507;100707;581.75;1;10297479235;S
20240507;100707;581.75;8;10297479249;S
20240507;100707;581.8;1;10297479264;B
20240507;100708;581.75;5;10297479349;S
20240507;100708;581.8;100;10297479357;B
20240507;100708;581.8;10;10297479370;B
20240507;100708;581.8;20;10297479410;B
20240507;100708;581.8;10;10297479418;B
20240507;100708;581.75;1;10297479419;S
20240507;100708;581.8;1;10297479459;B
20240507;100708;581.75;2;10297479463;S
20240507;100709;581.75;3;10297479500;S
20240507;100709;581.75;10;10297479506;S
20240507;100709;581.75;1;10297479507;S
20240507;100709;581.75;9;10297479508;S
20240507;100709;581.75;1;10297479609;S
20240507;100709;581.8;1;10297479701;B
20240507;100710;581.75;1;10297479808;S
20240507;100710;581.8;111;10297479809;B
20240507;100710;581.8;1;10297479810;B
20240507;100710;581.85;88;10297479811;B
20240507;100710;581.85;10;10297479836;B
20240507;100710;581.85;10;10297479837;B
20240507;100710;581.85;1;10297479862;B
20240507;100711;581.75;1;10297479967;S
20240507;100711;581.85;1;10297480009;B
20240507;100712;581.75;1;10297480205;S
20240507;100712;581.85;1;10297480236;B
20240507;100713;581.75;1;10297480388;S
20240507;100713;581.85;1;10297480428;B
20240507;100714;581.8;1;10297480506;S
20240507;100714;581.75;1;10297480507;S
20240507;100714;581.75;1;10297480550;S
20240507;100714;581.85;1;10297480590;B
20240507;100715;581.75;10;10297480666;S
20240507;100715;581.75;1;10297480697;S
20240507;100716;581.85;1;10297480765;B
20240507;100716;581.75;4;10297480898;S
20240507;100716;581.75;1;10297480941;S
20240507;100717;581.85;1;10297480988;B
20240507;100717;581.75;1;10297481238;S
20240507;100717;581.85;10;10297481284;B
20240507;100718;581.85;1;10297481339;B
20240507;100718;581.75;1;10297481464;S
20240507;100719;581.8;1;10297481520;B
20240507;100719;581.75;1;10297481618;S
20240507;100720;581.75;1;10297481671;S
20240507;100720;581.8;1;10297481732;B
20240507;100720;581.75;1;10297481833;S
20240507;100721;581.8;2;10297481876;B
20240507;100721;581.75;1;10297481885;S
20240507;100721;581.8;1;10297481913;B
20240507;100721;581.75;22;10297482016;S
20240507;100721;581.75;12;10297482017;S
20240507;100721;581.75;1;10297482018;S
20240507;100721;581.75;1;10297482019;S
20240507;100721;581.75;1;10297482020;S
20240507;100721;581.7;1;10297482021;S
20240507;100722;581.75;1;10297482078;B
20240507;100722;581.75;12;10297482103;B
20240507;100722;581.75;18;10297482104;B
20240507;100722;581.7;1;10297482173;S
20240507;100722;581.75;173;10297482175;B
20240507;100722;581.75;380;10297482176;B
20240507;100722;581.8;1504;10297482177;B
20240507;100722;581.8;177;10297482178;B
20240507;100722;581.8;55;10297482179;B
20240507;100722;581.85;1;10297482180;B
20240507;100722;581.85;1;10297482181;B
20240507;100722;581.85;1;10297482182;B
20240507;100722;581.85;10;10297482183;B
20240507;100722;581.85;10;10297482184;B
20240507;100722;581.85;10;10297482185;B
20240507;100722;581.9;300;10297482186;B
20240507;100722;581.9;366;10297482187;B
20240507;100722;581.9;1;10297482188;B
20240507;100722;581.9;1000;10297482189;B
20240507;100722;581.95;1;10297482190;B
20240507;100722;581.95;50;10297482191;B
20240507;100722;581.95;500;10297482192;B
20240507;100722;581.95;10;10297482193;B
20240507;100722;581.95;200;10297482194;B
20240507;100722;581.95;250;10297482195;B
20240507;100723;581.95;20;10297482231;B
20240507;100723;581.95;40;10297482232;B
20240507;100723;581.95;150;10297482233;B
20240507;100723;581.95;20;10297482235;B
20240507;100723;581.95;10;10297482236;B
20240507;100723;581.95;30;10297482238;B
20240507;100723;581.95;30;10297482239;B
20240507;100723;582;7;10297482240;B
20240507;100723;582;4;10297482241;B
20240507;100723;582;89;10297482242;B
20240507;100723;581.95;10;10297482244;B
20240507;100723;581.95;50;10297482245;B
20240507;100723;581.95;20;10297482246;B
20240507;100723;581.95;30;10297482247;B
20240507;100723;581.75;1;10297482285;S
20240507;100723;581.95;10;10297482290;B
20240507;100723;581.9;1;10297482291;B
20240507;100723;581.95;9;10297482292;B
20240507;100723;581.95;10;10297482293;B
20240507;100723;581.95;10;10297482294;B
20240507;100723;581.95;20;10297482298;B
20240507;100723;581.95;1;10297482311;B
20240507;100723;581.75;1;10297482399;S
20240507;100723;581.75;3;10297482404;S
20240507;100724;581.9;1;10297482498;B
20240507;100724;581.75;1;10297482588;S
20240507;100725;581.95;1;10297482662;B
20240507;100726;581.75;1;10297482828;S
20240507;100726;581.95;2;10297482850;B
20240507;100726;581.95;173;10297482851;B
20240507;100726;582;325;10297482852;B
20240507;100726;581.95;2;10297482860;B
20240507;100726;582;18;10297482861;B
20240507;100726;582;30;10297482863;B
20240507;100726;582;1;10297482878;B
20240507;100726;582;10;10297482881;B
20240507;100726;581.75;27;10297482946;S
20240507;100726;581.75;57;10297482947;S
20240507;100727;581.9;10;10297482973;B
20240507;100727;581.8;1;10297483029;S
20240507;100727;581.9;1;10297483068;B
20240507;100727;581.8;1;10297483107;S
20240507;100728;581.8;1;10297483243;S
20240507;100729;581.8;1;10297483264;S
20240507;100729;581.9;1;10297483281;B
20240507;100729;581.9;1;10297483365;B
20240507;100730;581.8;7;10297483434;S
20240507;100730;581.8;1;10297483435;S
20240507;100730;581.9;14;10297483538;B
20240507;100730;581.9;55;10297483539;B
20240507;100730;581.9;295;10297483540;B
20240507;100730;581.9;10;10297483558;B
20240507;100730;581.9;30;10297483559;B
20240507;100730;581.9;1;10297483586;B
20240507;100731;581.85;1;10297483678;S
20240507;100731;581.95;1;10297483802;B
20240507;100732;581.85;1;10297483866;S
20240507;100732;581.85;2;10297483901;S
20240507;100732;582;1;10297484001;B
20240507;100733;581.85;1;10297484059;S
20240507;100733;582;1;10297484187;B
20240507;100734;581.85;1;10297484280;S
20240507;100734;582;1;10297484437;B
20240507;100735;581.85;1;10297484546;S
20240507;100735;582;1;10297484671;B
20240507;100736;581.85;1;10297484777;S
20240507;100736;582;1;10297484887;B
20240507;100737;581.85;1;10297484984;S
20240507;100737;581.95;1;10297485096;B
20240507;100738;581.85;1;10297485171;S
20240507;100738;581.85;1;10297485371;S
20240507;100739;581.9;2;10297485556;B
20240507;100739;581.95;7;10297485557;B
20240507;100739;581.85;1;10297485572;S
20240507;100739;581.95;1;10297485689;B
20240507;100740;581.85;1;10297485778;S
20240507;100740;582;1;10297485888;B
20240507;100741;581.85;1;10297485967;S
20240507;100741;581.85;1;10297485981;S
20240507;100741;582;1;10297486026;B
20240507;100742;581.85;1;10297486096;S
20240507;100742;581.9;5;10297486097;B
20240507;100742;581.9;1;10297486173;B
20240507;100743;581.85;1;10297486247;S
20240507;100743;581.85;1;10297486310;S
20240507;100744;581.9;1;10297486332;B
20240507;100744;581.9;3;10297486372;B
20240507;100744;581.85;1;10297486391;S
20240507;100745;581.9;1;10297486465;B
20240507;100745;581.85;1;10297486521;S
20240507;100746;581.9;1;10297486606;B
20240507;100746;581.85;1;10297486654;S
20240507;100747;581.9;1;10297486733;B
20240507;100747;581.9;1;10297486763;B
20240507;100747;581.9;10;10297486788;B
20240507;100747;581.85;1;10297486893;S
20240507;100747;581.9;1;10297486933;B
20240507;100748;581.85;18;10297487013;S
20240507;100748;581.9;1;10297487042;B
20240507;100748;581.85;1;10297487109;S
20240507;100748;581.9;5;10297487169;B
20240507;100749;581.9;1;10297487226;B
20240507;100749;581.85;1;10297487287;S
20240507;100750;581.9;1;10297487366;B
20240507;100750;581.85;1;10297487391;S
20240507;100750;581.9;17;10297487400;B
20240507;100750;581.9;12;10297487401;B
20240507;100751;581.9;1;10297487714;B
20240507;100751;581.85;1;10297487773;S
20240507;100752;581.9;1;10297487888;B
20240507;100752;581.85;1;10297487912;S
20240507;100753;581.9;1;10297488053;B
20240507;100753;581.9;12;10297488094;B
20240507;100753;581.85;1;10297488097;S
20240507;100754;581.9;10;10297488164;B
20240507;100754;581.9;86;10297488170;B
20240507;100754;581.9;20;10297488188;B
20240507;100754;581.9;10;10297488214;B
20240507;100754;581.9;1;10297488228;B
20240507;100754;581.9;1;10297488241;B
20240507;100754;581.85;1;10297488269;S
20240507;100755;581.85;3;10297488413;S
20240507;100755;581.9;1;10297488425;B
20240507;100755;581.85;1;10297488450;S
20240507;100756;581.9;1;10297488593;B
20240507;100756;581.85;1;10297488630;S
20240507;100757;581.9;1;10297488714;B
20240507;100757;581.9;1;10297488752;B
20240507;100757;581.85;1;10297488785;S
20240507;100758;581.9;1;10297488966;B
20240507;100758;581.8;1;10297489014;S
20240507;100759;581.9;1;10297489286;B
20240507;100759;581.8;1;10297489406;S
20240507;100759;581.9;1;10297489417;B
20240507;100759;581.8;20;10297489428;S
20240507;100759;581.8;1;10297489429;S
20240507;100759;581.8;2;10297489430;S
20240507;100800;581.8;1;10297489556;S
20240507;100800;581.9;1;10297489584;B
20240507;100801;581.8;1;10297489746;S
20240507;100801;581.9;1;10297489763;B
20240507;100802;581.8;1;10297489931;S
20240507;100803;581.9;1;10297490007;B
20240507;100803;581.8;1;10297490176;S
20240507;100803;581.9;1;10297490197;B
20240507;100804;581.9;1;10297490216;B
20240507;100804;581.8;1;10297490334;S
20240507;100805;581.85;1;10297490393;B
20240507;100805;581.8;1;10297490560;S
20240507;100806;581.85;1;10297490655;B
20240507;100806;581.85;300;10297490774;B
20240507;100806;581.85;30;10297490796;B
20240507;100806;581.8;1;10297490833;S
20240507;100807;581.85;1;10297490913;B
20240507;100807;581.85;1;10297490946;B
20240507;100807;581.85;9;10297490947;B
20240507;100807;581.8;1;10297491076;S
20240507;100808;581.85;1;10297491114;B
