<DATE>;<TIME>;<LAST>;<VOL>;<ID>;<OPER>
20240405;095943;578.85;1;10041144717;S
20240405;095943;578.85;1;10041144718;S
20240405;095943;578.85;3;10041144719;B
20240405;095943;578.85;1;10041144720;B
20240405;095943;578.85;8;10041144721;S
20240405;095943;578.85;2;10041144722;S
20240405;095943;578.85;1;10041144723;S
20240405;095943;578.85;1;10041144724;S
20240405;095943;578.85;1;10041144725;S
20240405;095943;578.85;1;10041144726;S
20240405;095943;578.85;2;10041144727;S
20240405;095943;578.85;50;10041144728;S
20240405;095943;578.85;3;10041144729;S
20240405;095943;578.85;50;10041144730;S
20240405;095943;578.85;1;10041144731;S
20240405;095943;578.85;4;10041144732;S
20240405;095943;578.85;8;10041144733;S
20240405;095943;578.85;12;10041144734;S
20240405;095943;578.85;17;10041144735;S
20240405;095943;578.85;4;10041144736;S
20240405;095943;578.85;1;10041144737;S
20240405;095943;578.85;330;10041144738;S
20240405;095943;578.85;16;10041144739;S
20240405;095943;578.85;4;10041144740;S
20240405;095943;578.85;50;10041144741;S
20240405;095943;578.85;1;10041144742;S
20240405;095943;578.85;15;10041144743;S
20240405;095943;578.85;10;10041144744;S
20240405;095943;578.85;3;10041144745;S
20240405;095943;578.85;5;10041144746;S
20240405;095943;578.85;50;10041144747;S
20240405;095943;578.85;1;10041144748;S
20240405;095943;578.85;1;10041144749;S
20240405;095943;578.85;5;10041144750;S
20240405;095943;578.85;39;10041144751;S
20240405;095943;578.85;1;10041144752;B
20240405;095943;578.85;1;10041144753;B
20240405;095943;578.85;1;10041144754;B
20240405;095943;578.85;3;10041144755;B
20240405;095943;578.85;2;10041144756;B
20240405;095943;578.85;1;10041144757;B
20240405;095943;578.85;1;10041144758;B
20240405;095943;578.85;1;10041144759;B
20240405;095943;578.85;2;10041144760;S
20240405;095943;578.85;146;10041144761;S
20240405;095943;578.85;7;10041144762;S
20240405;095943;578.85;21;10041144763;S
20240405;095943;578.85;72;10041144764;S
20240405;095943;578.85;8;10041144765;B
20240405;095943;578.85;4;10041144766;B
20240405;095943;578.85;1;10041144767;B
20240405;095943;578.85;1;10041144768;B
20240405;095943;578.85;2;10041144769;B
20240405;095943;578.85;2;10041144770;B
20240405;095943;578.85;196;10041144771;B
20240405;095943;578.85;9;10041144772;B
20240405;095943;578.85;1;10041144773;B
20240405;095943;578.85;1;10041144774;B
20240405;095943;578.85;1;10041144775;S
20240405;095943;578.85;4;10041144776;S
20240405;095943;578.85;12;10041144777;B
20240405;095943;578.85;8;10041144778;B
20240405;095943;578.85;1;10041144779;B
20240405;095943;578.85;35;10041144780;B
20240405;095943;578.85;20;10041144781;B
20240405;095943;578.85;80;10041144782;B
20240405;095943;578.85;82;10041144783;B
20240405;095943;578.85;4;10041144784;B
20240405;095943;578.85;1000;10041144785;B
20240405;095943;578.85;1;10041144786;B
20240405;095943;578.85;1;10041144787;B
20240405;095943;578.85;5;10041144788;B
20240405;095943;578.85;2;10041144789;S
20240405;095943;578.85;8;10041144790;S
20240405;095943;578.85;1;10041144791;B
20240405;095943;578.85;100;10041144792;B
20240405;095943;578.85;2;10041144793;B
20240405;095943;578.85;2;10041144794;B
20240405;095943;578.85;2;10041144795;B
20240405;095943;578.85;1;10041144796;B
20240405;095943;578.85;2;10041144797;B
20240405;095943;578.85;2;10041144798;B
20240405;095943;578.85;1;10041144799;B
20240405;095943;578.85;1;10041144800;B
20240405;095943;578.85;1;10041144801;B
20240405;095943;578.85;6;10041144802;B
20240405;095943;578.85;1;10041144803;B
20240405;095943;578.85;1;10041144804;B
20240405;095943;578.85;2;10041144805;B
20240405;095943;578.85;3;10041144806;B
20240405;095943;578.85;1;10041144807;B
20240405;095943;578.85;2;10041144808;B
20240405;095943;578.85;2;10041144809;B
20240405;095943;578.85;2;10041144810;B
20240405;095943;578.85;1;10041144811;B
20240405;095943;578.85;1;10041144812;B
20240405;095943;578.85;2;10041144813;B
20240405;095943;578.85;2;10041144814;B
20240405;095943;578.85;4;10041144815;B
20240405;095943;578.85;1;10041144816;B
20240405;095943;578.85;1;10041144817;B
20240405;095943;578.85;1;10041144818;B
20240405;095943;578.85;2;10041144819;B
20240405;095943;578.85;4;10041144820;B
20240405;095943;578.85;4;10041144821;B
20240405;095943;578.85;15;10041144822;B
20240405;095943;578.85;15;10041144823;B
20240405;095943;578.85;1;10041144824;S
20240405;095943;578.85;1208;10041144825;S
20240405;095943;578.85;10;10041144826;B
20240405;095943;578.85;2;10041144827;B
20240405;095943;578.85;10;10041144828;B
20240405;095943;578.85;499;10041144829;S
20240405;095943;578.85;1;10041144830;S
20240405;095943;578.85;2;10041144831;B
20240405;095943;578.85;4;10041144832;B
20240405;095943;578.85;16;10041144833;B
20240405;095943;578.85;6;10041144834;B
20240405;095943;578.85;10;10041144835;B
20240405;095943;578.85;36;10041144836;B
20240405;095943;578.85;2;10041144837;B
20240405;095943;578.85;2;10041144838;S
20240405;095943;578.85;2;10041144839;B
20240405;095943;578.85;3;10041144840;S
20240405;095943;578.85;1;10041144841;S
20240405;095943;578.85;40;10041144842;S
20240405;095943;578.85;180;10041144843;B
20240405;095943;578.85;1;10041144844;B
20240405;095943;578.85;90;10041144845;S
20240405;095943;578.85;1105;10041144846;S
20240405;095943;578.85;1;10041144847;S
20240405;100000;578.85;100;10041148928;B
20240405;100000;578.85;500;10041148951;B
20240405;100000;578.8;300;10041149005;B
20240405;100000;578.8;88;10041149007;B
20240405;100000;578.85;294;10041149008;B
20240405;100000;578.85;8;10041149009;B
20240405;100000;578.85;110;10041149010;B
20240405;100000;578.85;40;10041149011;B
20240405;100000;578.85;78;10041149012;B
20240405;100000;578.9;388;10041149088;S
20240405;100000;578.9;1;10041149475;S
20240405;100000;578.9;1;10041149480;S
20240405;100000;578.9;1;10041149494;S
20240405;100000;578.9;10;10041149501;S
20240405;100000;578.95;360;10041149549;B
20240405;100000;578.9;99;10041149636;S
20240405;100000;578.9;1;10041149637;S
20240405;100001;578.95;12;10041149912;B
20240405;100001;578.95;1;10041150045;B
20240405;100001;578.95;127;10041150052;B
20240405;100001;578.95;14;10041150053;B
20240405;100001;578.95;1;10041150153;B
20240405;100001;578.9;1;10041150567;S
20240405;100002;578.9;8;10041150914;S
20240405;100002;578.95;87;10041151772;B
20240405;100004;578.9;1;10041152525;S
20240405;100004;578.95;14;10041152771;B
20240405;100004;578.95;152;10041152963;B
20240405;100004;579;1;10041152999;B
20240405;100004;579;1;10041153001;B
20240405;100004;578.9;1;10041153003;S
20240405;100004;579;35;10041153004;B
20240405;100004;579;11;10041153005;B
20240405;100004;579;83;10041153006;B
20240405;100004;579;121;10041153007;B
20240405;100004;578.9;1;10041153009;S
20240405;100004;579;1;10041153289;B
20240405;100004;579;2;10041153291;B
20240405;100004;578.9;1;10041153293;S
20240405;100004;578.9;3;10041153314;S
20240405;100004;579;2;10041153316;B
20240405;100004;579;1;10041153318;B
20240405;100005;578.9;2;10041153698;S
20240405;100005;579;1;10041153700;B
20240405;100005;579;4;10041153701;B
20240405;100005;579;1;10041153702;B
20240405;100005;579;1;10041153705;B
20240405;100005;578.9;1;10041153706;S
20240405;100005;579;1;10041153707;B
20240405;100005;579;2;10041153893;B
20240405;100005;578.9;1;10041153898;S
20240405;100005;579;1;10041153900;B
20240405;100005;578.9;1;10041153902;S
20240405;100005;579;1;10041153903;B
20240405;100005;579;2;10041153905;B
20240405;100005;578.9;1;10041153909;S
20240405;100005;578.9;1;10041153910;S
20240405;100005;579;1;10041153912;B
20240405;100005;578.9;3;10041153913;S
20240405;100005;579;1;10041153915;B
20240405;100005;579;1;10041153917;B
20240405;100005;578.9;1;10041153918;S
20240405;100005;578.9;1;10041153923;S
20240405;100005;579;5;10041153926;B
20240405;100005;578.95;2;10041154263;S
20240405;100005;579;1;10041154264;B
20240405;100005;578.9;1;10041154267;S
20240405;100005;578.9;2;10041154269;S
20240405;100005;579;1;10041154473;B
20240405;100005;579;1;10041154474;B
20240405;100005;578.9;2;10041154476;S
20240405;100005;579;1;10041154477;B
20240405;100005;578.9;2;10041154479;S
20240405;100005;579;1;10041154480;B
20240405;100005;579;2;10041154481;B
20240405;100005;579;1;10041154485;B
20240405;100005;579;2;10041154488;B
20240405;100005;578.9;1;10041154494;S
20240405;100005;578.9;1;10041154908;S
20240405;100005;578.9;10;10041154914;S
20240405;100005;579;2;10041154918;B
20240405;100005;579;138;10041154922;B
20240405;100005;578.9;1;10041154929;S
20240405;100005;578.9;1;10041154931;S
20240405;100005;578.9;2;10041154951;S
20240405;100005;579;2;10041154955;B
20240405;100005;579;1;10041154956;B
20240405;100005;579;10;10041154958;B
20240405;100005;579;1;10041154961;B
20240405;100005;579;1;10041154963;B
20240405;100005;578.9;2;10041154965;S
20240405;100005;578.9;2;10041154967;S
20240405;100005;578.9;1;10041154968;S
20240405;100005;579;1;10041154969;B
20240405;100005;578.9;1;10041154973;S
20240405;100005;578.9;200;10041154974;S
20240405;100005;578.9;42;10041154978;S
20240405;100005;578.9;33;10041154979;S
20240405;100005;578.9;2;10041154980;S
20240405;100005;578.9;65;10041155114;S
20240405;100005;578.9;462;10041155115;S
20240405;100005;579;1;10041155117;B
20240405;100005;579;2;10041155120;B
20240405;100005;578.9;2;10041155121;S
20240405;100005;578.9;2;10041155123;S
20240405;100005;579;2;10041155124;B
20240405;100005;578.9;2;10041155243;S
20240405;100006;578.9;1;10041155537;S
20240405;100006;578.95;1;10041155733;B
20240405;100006;578.95;1;10041155736;B
20240405;100006;578.9;2;10041155739;S
20240405;100006;578.9;1;10041155744;S
20240405;100006;578.95;1;10041155751;B
20240405;100006;578.9;4;10041155757;S
20240405;100006;578.95;1;10041155769;B
20240405;100006;578.95;1;10041155771;B
20240405;100006;578.95;1;10041155784;B
20240405;100006;578.95;1;10041155787;B
20240405;100006;578.95;1;10041155827;B
20240405;100006;578.95;1;10041155833;B
20240405;100006;578.95;1;10041155835;B
20240405;100006;578.95;2;10041155840;B
20240405;100006;578.9;1;10041155851;S
20240405;100006;578.9;23;10041156093;S
20240405;100006;578.9;20;10041156094;S
20240405;100006;578.85;18;10041156095;S
20240405;100006;578.95;1;10041156099;B
20240405;100006;578.85;2;10041156102;S
20240405;100006;578.95;2;10041156105;B
20240405;100006;578.95;1;10041156110;B
20240405;100006;578.85;1;10041156131;S
20240405;100006;578.95;3;10041156181;B
20240405;100006;578.85;3;10041156185;S
20240405;100006;578.95;2;10041156195;B
20240405;100006;578.85;1;10041156198;S
20240405;100006;578.85;10;10041156202;S
20240405;100006;578.95;2;10041156205;B
20240405;100006;578.95;1;10041156414;B
20240405;100006;578.95;1;10041156415;B
20240405;100006;578.85;2;10041156417;S
20240405;100006;578.95;1;10041156422;B
20240405;100006;578.85;2;10041156426;S
20240405;100006;578.85;2;10041156428;S
20240405;100006;578.85;1;10041156430;S
20240405;100006;578.95;1;10041156535;B
20240405;100007;578.85;1;10041157006;S
20240405;100007;578.85;2;10041157008;S
20240405;100007;578.85;1;10041157013;S
20240405;100007;578.95;1;10041157014;B
20240405;100007;578.85;2;10041157016;S
20240405;100007;578.95;1;10041157017;B
20240405;100007;578.85;2;10041157018;S
20240405;100007;578.95;1;10041157019;B
20240405;100007;578.85;1;10041157020;S
20240405;100007;578.95;1;10041157021;B
20240405;100007;578.95;2;10041157022;B
20240405;100007;578.95;2;10041157023;B
20240405;100007;578.95;2;10041157024;B
20240405;100007;578.95;1;10041157025;B
20240405;100007;578.85;2;10041157026;S
20240405;100007;578.85;2;10041157027;S
20240405;100007;578.85;2;10041157028;S
20240405;100007;578.85;4;10041157029;S
20240405;100007;578.95;5;10041157030;B
20240405;100007;578.85;1;10041157031;S
20240405;100007;578.85;2;10041157032;S
20240405;100007;578.95;1;10041157033;B
20240405;100007;578.85;1;10041157034;S
20240405;100007;578.85;1;10041157037;S
20240405;100007;578.95;2;10041157038;B
20240405;100007;578.85;150;10041157043;S
20240405;100007;578.85;1;10041157130;S
20240405;100007;578.85;1;10041157131;S
20240405;100007;578.95;4;10041157354;B
20240405;100007;578.95;1;10041157359;B
20240405;100007;578.85;1;10041157360;S
20240405;100007;578.85;2;10041157362;S
20240405;100007;578.85;1;10041157363;S
20240405;100007;578.85;1;10041157681;S
20240405;100007;578.95;1;10041157682;B
20240405;100007;578.95;1;10041157683;B
20240405;100007;578.95;1;10041157772;B
20240405;100008;578.95;1;10041158019;B
20240405;100008;578.85;1;10041158343;S
20240405;100008;578.85;1;10041158353;S
20240405;100008;578.85;1;10041158439;S
20240405;100008;578.85;1;10041158441;S
20240405;100008;578.85;1;10041158444;S
20240405;100008;578.85;1;10041158446;S
20240405;100008;578.85;1;10041158447;S
20240405;100008;578.95;10;10041158448;B
20240405;100008;578.85;2;10041158451;S
20240405;100008;578.85;1;10041158452;S
20240405;100008;579;1;10041158455;B
20240405;100008;579;1;10041158457;B
20240405;100008;579;3;10041158521;B
20240405;100008;579;1;10041158523;B
20240405;100008;578.85;1;10041158525;S
20240405;100008;578.85;5;10041158527;S
20240405;100008;579;2;10041158529;B
20240405;100008;579;1;10041158533;B
20240405;100008;579;1;10041158537;B
20240405;100008;578.85;2;10041158794;S
20240405;100008;579;1;10041158803;B
20240405;100008;579;1;10041158805;B
20240405;100008;579;10;10041158817;B
20240405;100008;578.85;2;10041158827;S
20240405;100009;578.9;388;10041159488;B
20240405;100009;578.95;93;10041159489;B
20240405;100009;579;60;10041159490;B
20240405;100009;579;1;10041159511;S
20240405;100010;579;10;10041159914;S
20240405;100010;579.05;18;10041160304;B
20240405;100010;579.05;113;10041160526;B
20240405;100010;579.05;13;10041160575;B
20240405;100011;579.05;113;10041160782;B
20240405;100011;579.05;3;10041160813;B
20240405;100011;579.05;1;10041161088;B
20240405;100011;579.05;18;10041161268;B
20240405;100011;579;38;10041161288;S
20240405;100011;579.05;100;10041161292;B
20240405;100011;579.05;113;10041161341;B
20240405;100011;579;15;10041161386;S
20240405;100011;579.1;2;10041161390;B
20240405;100011;579.1;278;10041161391;B
20240405;100011;579;1;10041161441;S
20240405;100011;579.1;5;10041161444;B
20240405;100011;579;2;10041161456;S
20240405;100012;579;1;10041161820;S
20240405;100013;579;1;10041161995;S
20240405;100014;579.05;30;10041162442;B
20240405;100015;579.1;113;10041162524;B
20240405;100015;579.1;350;10041162528;B
20240405;100015;579.1;2;10041162535;B
20240405;100015;579.1;85;10041162536;B
20240405;100015;579.1;119;10041162632;B
20240405;100015;579.05;3;10041162832;S
20240405;100015;579.05;1;10041162888;S
20240405;100015;579.1;1;10041162895;B
20240405;100017;579.1;37;10041163551;B
20240405;100017;579.1;90;10041163552;B
20240405;100017;579.15;7;10041163578;B
20240405;100017;579.15;322;10041163626;B
20240405;100018;579.1;11;10041164100;B
20240405;100019;579.15;1;10041164297;B
20240405;100019;579.15;1;10041164484;B
20240405;100019;579.15;2;10041164504;B
20240405;100020;579.1;20;10041164541;B
20240405;100020;579.05;16;10041164695;S
20240405;100021;579.1;24;10041164714;B
20240405;100021;579.1;15;10041164893;B
20240405;100022;579.1;1;10041164998;B
20240405;100022;579.1;78;10041165029;B
20240405;100022;579.1;101;10041165030;B
20240405;100022;579.15;1721;10041165031;B
20240405;100023;579.05;3;10041165352;S
20240405;100024;579.05;1;10041165382;S
20240405;100024;579.1;138;10041165475;B
20240405;100024;579.15;432;10041165476;B
20240405;100025;579.05;3;10041165699;S
20240405;100025;579.1;36;10041165786;B
20240405;100025;579.1;102;10041165825;B
20240405;100025;579.1;468;10041165826;B
20240405;100025;579.05;1;10041165921;S
20240405;100026;579.05;20;10041166047;S
20240405;100027;579.1;20;10041166478;B
20240405;100027;579.15;514;10041166479;B
20240405;100027;579.15;36;10041166480;B
20240405;100027;579.05;10;10041166481;S
20240405;100028;579.05;3;10041166818;S
20240405;100028;579.05;3;10041166820;S
20240405;100029;579.05;67;10041166976;S
20240405;100029;579.05;144;10041166977;S
20240405;100029;579.05;126;10041166978;S
20240405;100029;579.05;1;10041166979;S
20240405;100029;579.05;90;10041166980;S
20240405;100029;579;140;10041166981;S
20240405;100029;579;134;10041166982;S
20240405;100031;579.1;15;10041167415;B
20240405;100033;579.1;1;10041167968;B
20240405;100034;579;1;10041168220;S
20240405;100036;579.05;2;10041169209;S
20240405;100036;579.15;2;10041169252;B
20240405;100037;579.15;2;10041169369;B
20240405;100037;579.15;1;10041169497;B
20240405;100037;579.15;10;10041169498;B
20240405;100039;579.05;1;10041169899;S
20240405;100039;579.05;1;10041169900;S
20240405;100039;579;1;10041169901;S
20240405;100039;579;1;10041169932;S
20240405;100039;579.1;1;10041170048;B
20240405;100039;579.15;2;10041170049;B
20240405;100040;579.05;34;10041170233;S
20240405;100040;579;3;10041170234;S
20240405;100040;579.15;10;10041170258;B
20240405;100040;579.15;1;10041170291;B
20240405;100042;579;1;10041170597;S
20240405;100042;579.15;12;10041170620;B
20240405;100044;579.1;104;10041171742;B
20240405;100045;579.15;11;10041171995;B
20240405;100045;579.15;113;10041171996;B
20240405;100045;579.15;388;10041171997;B
20240405;100047;579.2;15;10041172465;B
20240405;100047;579.2;5;10041172505;B
20240405;100047;579.15;20;10041172688;S
20240405;100047;579.2;84;10041172718;B
20240405;100048;579.2;15;10041172926;B
20240405;100048;579.2;1;10041173108;B
20240405;100049;579.15;1500;10041173126;S
20240405;100049;579.2;1;10041173354;B
20240405;100050;579.2;17;10041173460;B
20240405;100050;579.25;27;10041173461;B
20240405;100050;579.2;74;10041173482;B
20240405;100050;579.2;15;10041173556;B
20240405;100051;579.15;89;10041173858;S
20240405;100051;579.15;11;10041173859;S
20240405;100051;579.15;4;10041173864;S
20240405;100051;579.15;96;10041173865;S
20240405;100051;579.15;100;10041173872;S
20240405;100052;579.2;37;10041174152;B
20240405;100052;579.15;2;10041174172;S
20240405;100052;579.2;12;10041174201;B
20240405;100052;579.2;18;10041174202;B
20240405;100052;579.15;4;10041174387;S
20240405;100052;579.15;9;10041174388;S
20240405;100052;579.15;6;10041174389;S
20240405;100052;579.15;94;10041174390;S
20240405;100052;579.15;100;10041174391;S
20240405;100053;579.2;1;10041174547;B
20240405;100054;579.2;342;10041174728;B
20240405;100054;579.2;1;10041174837;B
20240405;100054;579.2;1;10041174846;B
20240405;100054;579.15;1;10041174921;S
20240405;100054;579.2;17;10041175003;B
20240405;100055;579.2;2;10041175065;B
20240405;100055;579.2;1;10041175274;B
20240405;100057;579.2;5;10041175771;B
20240405;100057;579.2;45;10041175772;B
20240405;100058;579.15;29;10041175955;S
20240405;100058;579.2;1;10041176170;B
20240405;100059;579.15;10;10041176296;S
20240405;100059;579.15;5;10041176356;S
20240405;100059;579.15;1;10041176366;S
20240405;100059;579.2;3;10041176382;B
20240405;100059;579.15;2;10041176429;S
20240405;100102;579.15;40;10041177228;S
20240405;100103;579.2;89;10041177622;B
20240405;100103;579.2;220;10041177623;B
20240405;100103;579.15;2000;10041177910;S
20240405;100103;579.2;100;10041177914;B
20240405;100104;579.2;68;10041178099;B
20240405;100104;579.2;22;10041178100;B
20240405;100105;579.15;281;10041178312;S
20240405;100105;579.15;3;10041178500;S
20240405;100105;579.15;1;10041178550;S
20240405;100106;579.15;1000;10041178727;S
20240405;100107;579.15;610;10041179054;S
20240405;100107;579.15;74;10041179055;B
20240405;100107;579.15;500;10041179065;B
20240405;100107;579.15;1;10041179125;B
20240405;100108;579.15;16;10041179224;B
20240405;100108;579.15;1;10041179284;B
20240405;100108;579.15;15;10041179356;B
20240405;100108;579.1;10;10041179392;S
20240405;100109;579.1;8;10041179644;S
20240405;100109;579.05;34;10041179645;S
20240405;100109;579.05;1;10041179646;S
20240405;100109;579.05;57;10041179647;S
20240405;100110;579;708;10041179808;S
20240405;100110;579;199;10041179809;S
20240405;100110;579;293;10041179810;S
20240405;100110;579;1500;10041179817;S
20240405;100110;579;30;10041179945;S
20240405;100110;579;2;10041179967;S
20240405;100111;579;1300;10041179980;S
20240405;100111;579.05;30;10041180012;B
20240405;100111;579;1875;10041180164;S
20240405;100111;579;1;10041180165;S
20240405;100111;579;1;10041180166;S
20240405;100111;579;5;10041180167;S
20240405;100111;578.9;11;10041180168;S
20240405;100111;578.9;107;10041180169;S
20240405;100112;578.85;3;10041180366;S
20240405;100112;578.85;136;10041180371;S
20240405;100112;578.85;364;10041180372;S
20240405;100113;578.85;18;10041180524;S
20240405;100113;578.85;2;10041180560;S
20240405;100114;578.9;173;10041180652;B
20240405;100114;578.9;144;10041180653;B
20240405;100114;578.9;38;10041180654;B
20240405;100114;578.85;6;10041180765;S
20240405;100114;578.85;50;10041180814;S
20240405;100115;578.85;60;10041181010;S
20240405;100115;578.85;162;10041181011;S
20240405;100115;578.85;38;10041181065;S
20240405;100115;578.85;271;10041181066;S
20240405;100116;578.9;4;10041181198;B
20240405;100116;578.85;29;10041181273;S
20240405;100117;578.5;55;10041181628;S
20240405;100117;578.5;46;10041181726;S
20240405;100117;578.5;10;10041181727;S
20240405;100117;578.55;55;10041181769;B
20240405;100117;578.55;5;10041181835;B
20240405;100118;578.5;9;10041181884;S
20240405;100118;578.5;6;10041181888;S
20240405;100118;578.55;74;10041182002;B
20240405;100119;578.5;1;10041182403;S
20240405;100119;578.5;50;10041182464;S
20240405;100119;578.5;3;10041182521;S
20240405;100119;578.55;2;10041182562;B
20240405;100119;578.5;7;10041182732;S
20240405;100119;578.5;1000;10041182733;S
20240405;100119;578.45;121;10041182734;S
20240405;100119;578.45;72;10041182735;S
20240405;100120;578.4;1;10041183034;S
20240405;100120;578.4;3;10041183035;S
20240405;100120;578.4;196;10041183036;S
20240405;100120;578.5;15;10041183175;B
20240405;100121;578.4;10;10041183314;S
20240405;100121;578.4;294;10041183356;S
20240405;100121;578.2;2;10041183396;S
20240405;100122;578.2;6;10041184026;S
20240405;100124;578.25;1;10041185408;B
20240405;100124;578.25;16;10041185409;B
20240405;100124;578.25;1;10041185516;B
20240405;100125;578.2;54;10041185878;S
20240405;100126;578.2;76;10041186001;S
20240405;100126;578.15;300;10041186002;S
20240405;100126;578.15;2;10041186003;S
20240405;100126;578.15;138;10041186004;S
20240405;100126;578.1;2;10041186005;S
20240405;100126;578.1;1;10041186006;S
20240405;100126;578.1;1;10041186007;S
20240405;100126;578.1;1;10041186008;S
20240405;100126;578.1;10;10041186009;S
20240405;100126;578.1;1;10041186010;S
20240405;100126;578.1;5;10041186011;S
20240405;100126;578.1;200;10041186012;S
20240405;100126;578.1;177;10041186013;S
20240405;100126;578.1;3;10041186014;S
20240405;100126;578.1;138;10041186015;S
20240405;100126;578.1;30;10041186016;S
20240405;100126;578.15;138;10041186017;S
20240405;100126;578.1;500;10041186018;S
20240405;100126;578.1;362;10041186019;S
20240405;100126;578.1;2;10041186023;S
20240405;100126;578.2;1;10041186132;B
20240405;100128;578.1;17;10041186705;S
20240405;100129;578.1;119;10041186901;S
20240405;100129;578.1;1;10041186902;S
20240405;100129;578.05;1;10041186903;S
20240405;100129;578.05;3;10041186904;S
20240405;100129;578.05;5;10041186905;S
20240405;100129;578.05;2;10041186906;S
20240405;100129;578.05;1;10041186907;S
20240405;100129;578.05;1;10041186908;S
20240405;100129;578.05;1;10041186909;S
20240405;100129;578.05;1;10041186910;S
20240405;100129;578.05;1;10041186911;S
20240405;100129;578.05;1;10041186912;S
20240405;100129;578.05;1;10041186913;S
20240405;100129;578.05;3;10041186914;S
20240405;100129;578.05;2;10041186915;S
20240405;100129;578.05;1;10041186916;S
20240405;100129;578.05;2;10041186917;S
20240405;100129;578.05;2;10041186918;S
20240405;100129;578.05;2;10041186919;S
20240405;100129;578.05;2;10041186920;S
20240405;100129;578.05;20;10041186921;S
20240405;100129;578.05;3;10041186922;S
20240405;100129;578.05;1;10041186923;S
20240405;100129;578.05;1;10041186924;S
20240405;100129;578.05;345;10041186925;S
20240405;100129;578.05;5;10041186926;S
20240405;100129;578.05;8;10041186927;S
20240405;100129;578.05;5;10041186928;S
20240405;100129;578.05;1;10041186929;S
20240405;100129;578.05;2;10041186930;S
20240405;100129;578.05;1;10041186931;S
20240405;100129;578.05;1;10041186932;S
20240405;100129;578.05;2;10041186933;S
20240405;100129;578.05;1;10041186934;S
20240405;100129;578.05;2;10041186935;S
20240405;100129;578.05;1;10041186936;S
20240405;100129;578.05;1;10041186937;S
20240405;100129;578.05;4;10041186938;S
20240405;100129;578.05;1;10041186939;S
20240405;100129;578.05;200;10041186940;S
20240405;100129;578.05;1;10041186941;S
20240405;100129;578.05;1;10041186942;S
20240405;100129;578.05;1;10041186943;S
20240405;100129;578.05;3;10041186944;S
20240405;100129;578.05;2;10041186945;S
20240405;100129;578.05;2;10041186946;S
20240405;100129;578.05;3;10041186947;S
20240405;100129;578.05;17;10041186948;S
20240405;100129;578.05;1;10041186949;S
20240405;100129;578.05;1;10041186950;S
20240405;100129;578.05;5;10041186951;S
20240405;100129;578.05;4;10041186952;S
20240405;100129;578.05;4;10041186953;S
20240405;100129;578.05;90;10041186954;S
20240405;100129;578.05;2;10041186955;S
20240405;100129;578.05;50;10041186956;S
20240405;100129;578.05;10;10041186957;S
20240405;100129;578.05;2;10041186958;S
20240405;100129;578.05;44;10041186959;S
20240405;100129;578.15;1;10041187090;B
20240405;100130;578.1;1;10041187320;S
20240405;100130;578.05;8;10041187321;S
20240405;100132;578.05;50;10041187848;S
20240405;100133;578.15;2;10041188622;B
20240405;100133;578.2;8;10041189031;B
20240405;100134;578.25;1;10041189205;B
20240405;100134;578.15;5;10041189293;S
20240405;100135;578.1;5;10041190092;S
20240405;100136;578.1;18;10041190201;S
20240405;100136;578.15;15;10041190238;B
20240405;100136;578.2;30;10041190241;B
20240405;100136;578.15;66;10041190393;S
20240405;100136;578.15;19;10041190397;S
20240405;100136;578.1;112;10041190398;S
20240405;100136;578.05;369;10041190399;S
20240405;100136;578.25;33;10041190429;B
20240405;100136;578.25;173;10041190430;B
20240405;100136;578.3;144;10041190431;B
20240405;100136;578.3;389;10041190432;B
20240405;100136;578.35;346;10041190433;B
20240405;100136;578.35;112;10041190434;B
20240405;100136;578.35;779;10041190435;B
20240405;100136;578.4;1706;10041190436;B
20240405;100136;578.5;138;10041190437;B
20240405;100136;578.55;138;10041190438;B
20240405;100136;578.6;138;10041190439;B
20240405;100136;578.6;1000;10041190440;B
20240405;100136;578.7;500;10041190441;B
20240405;100136;578.7;1414;10041190442;B
20240405;100136;578.7;1586;10041190443;B
20240405;100136;578.7;173;10041190444;B
20240405;100137;578.9;1;10041190825;B
20240405;100137;578.95;13;10041190826;B
20240405;100138;578.85;360;10041191040;S
20240405;100138;578.85;1;10041191055;S
20240405;100138;578.95;105;10041191127;B
20240405;100138;578.9;74;10041191164;B
20240405;100138;578.9;75;10041191206;B
20240405;100139;578.9;6;10041191288;B
20240405;100139;578.85;2;10041191421;S
20240405;100139;578.95;10;10041191460;B
20240405;100139;578.95;5;10041191461;B
20240405;100141;578.95;2;10041191937;B
20240405;100141;578.95;44;10041192124;B
20240405;100141;578.95;105;10041192158;B
20240405;100142;578.9;388;10041192453;S
20240405;100142;578.9;144;10041192454;S
20240405;100142;578.85;477;10041192455;S
20240405;100142;578.85;173;10041192456;S
20240405;100142;578.85;10;10041192491;B
20240405;100142;578.85;149;10041192511;B
20240405;100143;578.85;149;10041192640;B
20240405;100143;578.8;10;10041192677;S
20240405;100143;578.8;388;10041192678;S
20240405;100143;578.8;102;10041192679;S
20240405;100144;578.85;10;10041193060;B
20240405;100144;578.8;12;10041193069;S
20240405;100144;578.85;94;10041193088;B
20240405;100144;578.85;4;10041193143;B
20240405;100144;578.85;30;10041193152;B
20240405;100144;578.8;161;10041193227;S
20240405;100144;578.8;388;10041193228;S
20240405;100144;578.8;144;10041193229;S
20240405;100144;578.75;34;10041193230;S
20240405;100144;578.75;10;10041193231;S
20240405;100144;578.75;170;10041193232;S
20240405;100144;578.7;709;10041193233;S
20240405;100145;578.85;11;10041193448;B
20240405;100145;578.85;50;10041193596;B
20240405;100147;578.8;35;10041194016;S
20240405;100147;578.85;1;10041194159;B
20240405;100148;578.8;5;10041194260;S
20240405;100148;578.8;110;10041194311;S
20240405;100148;578.85;1;10041194396;B
20240405;100149;578.8;100;10041194484;S
20240405;100149;578.8;38;10041194490;S
20240405;100150;578.85;8;10041194648;B
20240405;100150;578.75;6;10041194692;S
20240405;100151;578.85;5;10041194995;B
20240405;100151;578.8;24;10041195143;S
20240405;100152;578.75;14;10041195197;S
20240405;100153;578.75;15;10041195691;S
20240405;100153;578.75;103;10041195715;S
20240405;100153;578.75;500;10041195716;S
20240405;100153;578.75;164;10041195717;S
20240405;100153;578.75;50;10041195718;S
20240405;100153;578.7;138;10041195719;S
20240405;100153;578.7;50;10041195720;S
20240405;100153;578.65;8495;10041195721;S
20240405;100153;578.7;12;10041195741;S
20240405;100153;578.75;1;10041195934;B
20240405;100154;578.7;1;10041196090;S
20240405;100155;578.7;5;10041196348;S
20240405;100156;578.75;8;10041196388;B
20240405;100156;578.7;17;10041196454;S
20240405;100156;578.7;5;10041196507;S
20240405;100157;578.7;14;10041196584;S
20240405;100157;578.75;15;10041196682;B
20240405;100157;578.75;147;10041196753;B
20240405;100157;578.75;53;10041196754;B
20240405;100159;578.75;1;10041197157;B
20240405;100201;578.75;3;10041197555;B
20240405;100201;578.7;3;10041197631;S
20240405;100203;578.7;40;10041198117;S
20240405;100203;578.7;345;10041198211;S
20240405;100203;578.7;1;10041198212;S
20240405;100203;578.7;169;10041198213;S
20240405;100203;578.7;138;10041198214;S
20240405;100203;578.65;1508;10041198215;S
20240405;100204;578.75;42;10041198334;B
20240405;100204;578.7;138;10041198531;S
20240405;100204;578.7;388;10041198532;S
20240405;100204;578.65;1257;10041198533;S
20240405;100205;578.7;28;10041198753;S
20240405;100205;578.75;6;10041198763;B
20240405;100206;578.7;110;10041198992;S
20240405;100206;578.7;140;10041198993;S
20240405;100206;578.75;127;10041198995;B
20240405;100206;578.75;3;10041198996;B
20240405;100206;578.75;1;10041198997;B
20240405;100206;578.8;89;10041199066;B
20240405;100207;578.8;1;10041199293;B
20240405;100207;578.75;40;10041199357;S
20240405;100207;578.7;138;10041199358;S
20240405;100207;578.7;388;10041199359;S
20240405;100207;578.7;100;10041199360;S
20240405;100207;578.65;7334;10041199361;S
20240405;100209;578.75;1;10041199857;S
20240405;100209;578.75;1;10041199858;S
20240405;100209;578.8;3;10041199916;B
20240405;100211;578.8;3;10041200239;B
20240405;100211;578.8;17;10041200240;B
20240405;100211;578.8;2;10041200470;S
20240405;100213;578.7;10;10041200772;S
20240405;100213;578.7;27;10041200884;S
20240405;100214;578.75;178;10041201330;S
20240405;100214;578.75;388;10041201331;S
20240405;100214;578.75;100;10041201332;S
20240405;100214;578.7;101;10041201333;S
20240405;100214;578.7;500;10041201334;S
20240405;100214;578.7;144;10041201335;S
20240405;100214;578.65;6589;10041201336;S
20240405;100214;578.75;144;10041201337;B
20240405;100215;578.75;4;10041201515;B
20240405;100215;578.7;3;10041201583;S
20240405;100216;578.75;1;10041201700;B
20240405;100216;578.65;48296;10041201833;S
20240405;100216;578.65;60;10041201837;S
20240405;100216;578.65;20;10041201891;S
20240405;100216;578.7;1;10041201925;B
20240405;100216;578.7;1;10041201938;B
20240405;100217;578.65;100;10041202057;S
20240405;100217;578.65;10;10041202064;S
20240405;100217;578.65;150;10041202066;S
20240405;100217;578.65;150;10041202087;S
20240405;100217;578.65;5;10041202097;S
20240405;100217;578.65;10;10041202137;S
20240405;100217;578.65;150;10041202139;S
20240405;100217;578.65;150;10041202169;S
20240405;100217;578.65;400;10041202173;S
20240405;100217;578.65;2000;10041202215;S
20240405;100217;578.65;2;10041202218;S
20240405;100218;578.65;4;10041202301;S
20240405;100218;578.65;500;10041202313;S
20240405;100218;578.7;2;10041202314;B
20240405;100218;578.65;1;10041202327;S
20240405;100218;578.65;800;10041202400;S
20240405;100218;578.65;1;10041202421;S
20240405;100218;578.65;105;10041202424;S
20240405;100218;578.65;1;10041202442;S
20240405;100218;578.65;150;10041202462;S
20240405;100219;578.65;150;10041202531;S
20240405;100219;578.65;300;10041202589;S
20240405;100219;578.65;190;10041202647;S
20240405;100219;578.65;500;10041202715;S
20240405;100219;578.65;1;10041202730;S
20240405;100220;578.65;1;10041202844;S
20240405;100220;578.65;24;10041202854;S
20240405;100220;578.65;100;10041202954;S
20240405;100220;578.7;1;10041202969;B
20240405;100221;578.65;8000;10041203007;S
20240405;100221;578.65;40;10041203008;S
20240405;100221;578.7;10;10041203070;B
20240405;100221;578.65;20;10041203197;S
20240405;100222;578.65;2;10041203322;S
20240405;100222;578.7;14;10041203357;B
20240405;100223;578.65;5;10041203528;S
20240405;100223;578.65;10;10041203569;S
20240405;100223;578.65;2754;10041203614;S
20240405;100223;578.65;800;10041203616;S
20240405;100223;578.65;2530;10041203617;S
20240405;100224;578.7;2;10041203734;B
20240405;100224;578.7;60;10041203742;B
20240405;100224;578.7;100;10041203794;B
20240405;100224;578.7;13;10041203799;B
20240405;100224;578.65;1229;10041203813;S
20240405;100224;578.65;120;10041203814;S
20240405;100224;578.65;1;10041203815;S
20240405;100224;578.4;40;10041203831;S
20240405;100224;578.4;10;10041203844;S
20240405;100224;578.45;50;10041203849;B
20240405;100224;578.35;10;10041203871;S
20240405;100224;578.35;10;10041203872;S
20240405;100224;578.4;120;10041203885;B
20240405;100225;578.3;80;10041204018;B
20240405;100226;578.25;20;10041204167;S
20240405;100226;578.35;34;10041204217;B
20240405;100226;578.35;66;10041204218;B
20240405;100229;578.4;173;10041204958;S
20240405;100229;578.4;144;10041204959;S
20240405;100229;578.4;100;10041204960;S
20240405;100229;578.4;243;10041204961;S
20240405;100229;578.25;86;10041204962;S
20240405;100229;578.25;849;10041204963;S
20240405;100229;578.25;346;10041204964;S
20240405;100229;578.2;1;10041204965;S
20240405;100229;578.2;10;10041204966;S
20240405;100229;578.2;800;10041204967;S
20240405;100229;578.2;1000;10041204968;S
20240405;100229;578.2;138;10041204969;S
20240405;100229;578.2;60;10041204970;S
20240405;100229;578.15;1;10041204971;S
20240405;100229;578.15;138;10041204972;S
20240405;100229;578.15;500;10041204973;S
20240405;100229;578.1;50;10041204974;S
20240405;100229;578.1;138;10041204975;S
20240405;100229;578.05;84;10041204976;S
20240405;100229;578.05;1;10041204977;S
20240405;100229;578.05;15;10041204978;S
20240405;100229;578.05;2;10041204979;S
20240405;100229;578.05;14;10041204980;S
20240405;100229;578.05;5;10041204981;S
20240405;100229;578.05;12;10041204982;S
20240405;100229;578.05;41;10041204983;S
20240405;100229;578.05;10;10041204984;S
20240405;100229;578.05;1;10041204985;S
20240405;100229;578.05;100;10041204986;S
20240405;100229;578.05;1;10041204987;S
20240405;100229;578.05;60;10041204988;S
20240405;100229;578.05;2;10041204989;S
20240405;100229;578.05;82;10041204990;S
20240405;100229;578.05;55;10041204991;S
20240405;100229;578.05;11;10041204992;S
20240405;100229;578.05;1;10041204993;S
20240405;100229;578.05;7;10041204994;S
20240405;100229;578.05;1000;10041204995;S
20240405;100229;578.05;9;10041204996;S
20240405;100229;578.05;8;10041204997;S
20240405;100229;578.05;66;10041204998;S
20240405;100229;578.05;100;10041204999;S
20240405;100229;578.05;1000;10041205000;S
20240405;100229;578.05;388;10041205001;S
20240405;100229;578;1;10041205002;S
20240405;100229;578;1;10041205003;S
20240405;100229;578;20;10041205004;S
20240405;100229;578;5;10041205005;S
20240405;100229;578;100;10041205006;S
20240405;100229;578;5;10041205007;S
20240405;100229;578;1;10041205008;S
20240405;100229;578;25;10041205009;S
20240405;100229;578;20;10041205010;S
20240405;100229;578;5;10041205011;S
20240405;100229;578;25;10041205012;S
20240405;100229;578;5;10041205013;S
20240405;100229;578;10;10041205014;S
20240405;100229;578;10;10041205015;S
20240405;100229;578;2;10041205016;S
20240405;100229;578;3;10041205017;S
20240405;100229;578;105;10041205018;S
20240405;100229;578;17;10041205019;S
20240405;100229;578;1;10041205020;S
20240405;100229;578;10;10041205021;S
20240405;100229;578;6;10041205022;S
20240405;100229;578;300;10041205023;S
20240405;100229;578;1;10041205024;S
20240405;100229;578;3;10041205025;S
20240405;100229;578;1000;10041205026;S
20240405;100229;578;5;10041205027;S
20240405;100229;578;20;10041205028;S
20240405;100229;578;86;10041205029;S
20240405;100229;578;10;10041205030;S
20240405;100229;577.95;1177;10041205031;S
20240405;100229;578.15;5;10041205061;S
20240405;100230;578.15;86;10041205302;B
20240405;100230;578.15;144;10041205303;B
20240405;100230;578.2;235;10041205304;B
20240405;100230;578.3;346;10041205305;B
20240405;100230;578.35;388;10041205306;B
20240405;100230;578.4;519;10041205307;B
20240405;100230;578.4;82;10041205308;B
20240405;100230;578.05;3;10041205348;S
20240405;100230;578.1;42;10041205388;S
20240405;100230;578.1;18;10041205390;S
20240405;100230;578.3;7;10041205461;B
20240405;100232;578.1;1;10041206040;S
20240405;100233;578.3;1;10041206456;B
20240405;100234;578.1;172;10041206749;S
20240405;100234;578.1;223;10041206750;S
20240405;100234;578.05;144;10041206751;S
20240405;100234;578.05;257;10041206752;S
20240405;100234;578;5;10041206753;S
20240405;100234;578;1;10041206754;S
20240405;100234;578;2;10041206755;S
20240405;100234;578;4;10041206756;S
20240405;100234;578;5;10041206757;S
20240405;100234;578;2;10041206758;S
20240405;100234;578;86;10041206759;S
20240405;100234;578;138;10041206760;S
20240405;100234;578;346;10041206761;S
20240405;100234;577.95;11;10041206762;S
20240405;100235;578.25;1;10041207154;B
20240405;100239;578.2;1;10041208017;B
20240405;100241;578.15;8;10041208433;S
20240405;100241;578.2;1;10041208441;B
20240405;100241;578.15;1;10041208481;S
20240405;100241;578.2;26;10041208517;B
20240405;100243;578.2;3;10041208928;B
20240405;100244;578.15;3;10041209157;S
20240405;100246;578.2;14;10041209405;B
20240405;100246;578.2;346;10041209406;B
20240405;100246;578.15;5;10041209590;S
20240405;100248;578.15;3;10041210076;S
20240405;100249;578.15;15;10041210211;S
20240405;100249;578.2;20;10041210256;B
20240405;100251;578.2;180;10041210565;S
20240405;100251;578.2;65;10041210566;S
20240405;100251;578.1;165;10041210567;S
20240405;100251;578.2;1;10041210577;B
20240405;100251;578.25;1;10041210634;B
20240405;100252;578.25;1;10041210827;B
20240405;100253;578.3;4;10041211212;B
20240405;100253;578.3;200;10041211213;B
20240405;100253;578.45;81;10041211223;B
20240405;100253;578.45;2;10041211224;B
20240405;100253;578.5;103;10041211234;B
20240405;100253;578.6;1;10041211284;B
20240405;100253;578.7;10;10041211285;S
20240405;100254;578.6;144;10041211454;S
20240405;100254;578.55;56;10041211455;S
20240405;100254;578.7;400;10041211495;B
20240405;100300;578.75;2;10041212380;B
20240405;100300;578.75;40;10041212410;B
20240405;100300;578.75;153;10041212585;B
20240405;100300;578.75;15;10041212586;B
20240405;100302;578.75;255;10041212807;B
20240405;100303;578.85;1;10041213085;B
20240405;100304;578.75;50;10041213202;S
20240405;100306;578.85;1;10041213614;B
20240405;100312;578.75;2;10041214807;S
20240405;100312;578.85;1;10041214809;B
20240405;100312;578.85;1;10041214810;B
20240405;100312;578.85;5;10041214811;B
20240405;100312;578.85;100;10041214910;S
20240405;100314;578.9;3;10041215183;B
20240405;100314;578.9;1;10041215338;B
20240405;100317;578.85;393;10041215786;S
20240405;100317;578.85;174;10041215787;S
20240405;100317;578.8;144;10041215788;S
20240405;100317;578.75;28;10041215789;S
20240405;100317;578.75;1;10041215790;S
20240405;100317;578.75;173;10041215791;S
20240405;100317;578.75;927;10041215792;B
20240405;100317;578.8;144;10041215793;B
20240405;100318;578.8;2;10041215800;S
20240405;100320;578.9;40;10041216253;B
20240405;100322;578.8;35;10041216636;S
20240405;100323;578.9;1;10041216686;B
20240405;100325;578.9;4;10041217140;B
20240405;100325;578.9;45;10041217141;B
20240405;100325;578.9;118;10041217142;B
20240405;100326;578.9;3;10041217318;B
20240405;100328;578.8;30;10041217696;B
20240405;100329;578.8;1;10041217817;B
20240405;100329;578.8;8;10041217999;B
20240405;100331;578.8;99;10041218269;B
20240405;100331;578.8;17;10041218270;B
20240405;100331;578.75;5;10041218404;S
20240405;100332;578.8;5;10041218478;B
20240405;100332;578.75;1;10041218639;S
20240405;100333;578.8;1;10041218789;B
20240405;100334;578.75;7;10041218901;S
20240405;100335;578.8;132;10041219041;B
20240405;100335;578.8;18;10041219042;B
20240405;100335;578.8;7;10041219146;B
20240405;100336;578.8;60;10041219201;B
20240405;100336;578.8;5;10041219239;B
20240405;100336;578.8;1;10041219306;B
20240405;100336;578.8;1;10041219383;B
20240405;100339;578.75;8;10041219777;S
20240405;100339;578.8;4;10041219872;B
20240405;100340;578.8;16;10041219932;B
20240405;100340;578.8;3;10041219970;B
20240405;100340;578.8;2;10041220096;B
20240405;100342;578.75;29;10041220327;S
20240405;100342;578.75;159;10041220328;S
20240405;100342;578.7;180;10041220329;S
20240405;100342;578.65;10;10041220392;S
20240405;100342;578.7;20;10041220479;B
20240405;100344;578.65;1;10041220824;S
20240405;100345;578.7;3;10041220975;B
20240405;100346;578.7;600;10041221189;B
20240405;100346;578.7;1;10041221264;B
20240405;100346;578.65;10;10041221310;S
20240405;100347;578.7;569;10041221444;B
20240405;100347;578.7;41;10041221445;B
20240405;100347;578.7;1;10041221454;B
20240405;100347;578.7;4;10041221484;B
20240405;100347;578.65;118;10041221531;S
20240405;100347;578.65;388;10041221561;S
20240405;100347;578.65;144;10041221562;S
20240405;100347;578.65;68;10041221563;S
20240405;100348;578.7;5;10041221729;B
20240405;100348;578.7;3;10041221760;B
20240405;100349;578.7;140;10041221877;B
20240405;100349;578.65;50;10041221950;S
20240405;100350;578.65;94;10041222172;S
20240405;100350;578.65;56;10041222173;S
20240405;100350;578.7;10;10041222209;B
20240405;100351;578.7;1;10041222229;B
20240405;100351;578.65;4;10041222254;S
20240405;100351;578.65;1;10041222361;S
20240405;100352;578.65;118;10041222387;S
20240405;100353;578.7;1;10041222664;B
20240405;100353;578.7;1;10041222864;B
20240405;100354;578.65;81;10041222981;S
20240405;100354;578.65;388;10041222982;S
20240405;100354;578.65;500;10041222983;S
20240405;100354;578.65;144;10041222984;S
20240405;100354;578.6;1;10041222985;S
20240405;100354;578.6;86;10041222986;S
20240405;100400;578.7;1;10041223990;B
20240405;100400;578.65;1;10041224039;S
20240405;100401;578.6;152;10041224166;S
20240405;100401;578.55;173;10041224167;S
20240405;100401;578.55;177;10041224168;S
20240405;100401;578.7;1;10041224303;B
20240405;100405;578.55;99;10041225066;S
20240405;100405;578.55;7;10041225067;S
20240405;100405;578.55;388;10041225068;S
20240405;100405;578.5;226;10041225069;S
20240405;100407;578.65;3;10041225356;B
20240405;100407;578.65;2;10041225361;B
20240405;100407;578.65;1;10041225362;B
20240405;100408;578.55;2;10041225629;S
20240405;100408;578.5;274;10041225630;S
20240405;100408;578.5;86;10041225631;S
20240405;100408;578.5;149;10041225632;S
20240405;100409;578.5;1289;10041225914;B
20240405;100409;578.5;144;10041225915;B
20240405;100409;578.6;149;10041225916;B
20240405;100409;578.65;9;10041225917;B
20240405;100409;578.7;130;10041225918;B
20240405;100409;578.7;100;10041225919;B
20240405;100409;578.75;35;10041225920;B
20240405;100409;578.75;173;10041225921;B
20240405;100409;578.8;319;10041225922;B
20240405;100409;578.8;100;10041225923;B
20240405;100409;578.85;1558;10041225924;B
20240405;100409;578.85;500;10041225925;B
20240405;100409;578.85;346;10041225926;B
20240405;100409;578.9;138;10041225927;B
20240405;100409;578.9;388;10041225928;B
20240405;100409;578.9;1000;10041225929;B
20240405;100409;578.95;236;10041225930;B
20240405;100409;578.95;5;10041225931;B
20240405;100409;578.95;138;10041225932;B
20240405;100409;579;1;10041225933;B
20240405;100409;579;59;10041225934;B
20240405;100409;579;390;10041225935;B
20240405;100409;579;6;10041225936;B
20240405;100409;579;15;10041225937;B
20240405;100409;579;50;10041225938;B
20240405;100409;579;100;10041225939;B
20240405;100409;579;138;10041225940;B
20240405;100409;579;57;10041225941;B
20240405;100409;579;13;10041225942;B
20240405;100409;579;12;10041225943;B
20240405;100409;579.05;1000;10041225944;B
20240405;100409;579.1;500;10041225945;B
20240405;100409;579.2;200;10041225946;B
20240405;100409;579.2;702;10041225947;B
20240405;100409;579.05;173;10041225950;B
20240405;100409;579.05;86;10041225951;S
20240405;100410;579.1;41;10041225989;B
20240405;100410;578.95;1;10041226225;S
20240405;100411;579.1;9;10041226307;B
20240405;100411;578.95;143;10041226363;S
20240405;100412;578.95;5;10041226523;B
20240405;100412;578.9;86;10041226596;S
20240405;100412;578.9;144;10041226597;S
20240405;100412;578.85;399;10041226598;S
20240405;100415;578.95;1;10041227122;S
20240405;100416;579;86;10041227358;B
20240405;100416;579;14;10041227359;B
20240405;100417;578.95;4;10041227633;S
20240405;100418;579.1;10;10041227933;B
20240405;100419;578.95;5;10041228019;S
20240405;100419;578.9;5;10041228020;S
20240405;100419;578.85;263;10041228021;S
20240405;100419;578.95;2;10041228078;B
20240405;100419;578.95;173;10041228079;B
20240405;100419;579;2;10041228080;B
20240405;100419;579;144;10041228081;B
20240405;100419;579.05;142;10041228082;B
20240405;100419;579.05;37;10041228083;B
20240405;100422;578.9;5;10041228712;S
20240405;100423;578.85;338;10041228946;S
20240405;100423;578.8;140;10041228947;S
20240405;100423;578.75;294;10041228948;S
20240405;100425;578.9;1;10041229224;B
20240405;100429;578.9;1;10041230021;S
20240405;100429;578.8;24;10041230022;S
20240405;100431;579.05;1;10041230500;B
20240405;100431;579.05;25;10041230501;B
20240405;100431;579.05;74;10041230502;B
20240405;100432;579;2;10041230664;S
20240405;100432;578.85;60;10041230665;S
20240405;100432;578.85;173;10041230666;S
20240405;100432;578.85;346;10041230667;S
20240405;100432;578.8;136;10041230668;S
20240405;100432;578.8;150;10041230669;S
20240405;100432;578.75;10;10041230670;S
20240405;100432;578.75;1000;10041230671;S
20240405;100432;578.75;150;10041230672;S
20240405;100432;578.7;2;10041230673;S
20240405;100432;578.7;144;10041230674;S
20240405;100432;578.65;138;10041230675;S
20240405;100432;578.6;138;10041230676;S
20240405;100432;578.6;700;10041230677;S
20240405;100432;578.6;1000;10041230678;S
20240405;100432;578.55;138;10041230679;S
20240405;100432;578.55;38;10041230680;S
20240405;100432;578.95;39;10041230683;B
20240405;100433;578.9;16;10041230912;S
20240405;100434;578.85;173;10041231089;S
20240405;100434;578.8;588;10041231090;S
20240405;100434;578.85;1;10041231135;S
20240405;100435;578.95;134;10041231190;B
20240405;100435;578.95;66;10041231191;B
20240405;100435;579;60;10041231227;B
20240405;100435;579;388;10041231228;B
20240405;100435;579;100;10041231229;B
20240405;100437;578.9;16;10041231716;S
20240405;100438;579.05;5;10041231851;B
20240405;100439;578.85;1;10041232077;S
20240405;100443;579.05;3;10041232639;B
20240405;100444;579.05;133;10041232796;B
20240405;100444;579.05;131;10041232797;B
20240405;100444;579.1;138;10041232798;B
20240405;100444;579.1;144;10041232799;B
20240405;100444;579.15;138;10041232800;B
20240405;100444;579.15;2;10041232801;B
20240405;100444;579.15;524;10041232802;B
20240405;100444;579;4;10041232867;S
20240405;100445;578.95;1;10041232989;S
20240405;100445;579;3;10041233058;B
20240405;100445;578.95;1;10041233074;S
20240405;100445;578.95;17;10041233090;S
20240405;100445;578.85;171;10041233091;S
20240405;100445;578.85;144;10041233092;S
20240405;100445;578.8;438;10041233093;S
20240405;100445;578.85;3;10041233175;S
20240405;100447;579;2;10041233346;S
20240405;100447;579;1;10041233404;S
20240405;100448;579.05;2;10041233640;B
20240405;100448;579.05;142;10041233662;B
20240405;100448;579.05;130;10041233663;B
20240405;100448;579.05;100;10041233664;B
20240405;100448;579.1;68;10041233665;B
20240405;100448;579.15;500;10041233666;B
20240405;100448;579.15;138;10041233667;B
20240405;100448;579.2;1000;10041233668;B
20240405;100448;579.2;1;10041233669;B
20240405;100448;579.2;138;10041233670;B
20240405;100448;579.2;388;10041233671;B
20240405;100448;579.25;2;10041233672;B
20240405;100448;579.25;25;10041233673;B
20240405;100448;579.25;200;10041233674;B
20240405;100448;579.25;138;10041233675;B
20240405;100448;579.3;530;10041233676;B
20240405;100449;579.25;6;10041233807;B
20240405;100450;579.25;1;10041234018;B
20240405;100452;579.25;17;10041234397;B
20240405;100454;579.25;10;10041234692;B
20240405;100454;579.25;90;10041234693;B
20240405;100455;579.15;144;10041234818;S
20240405;100456;579.15;144;10041235034;S
20240405;100456;579.1;48;10041235035;S
20240405;100456;579.1;144;10041235036;S
20240405;100457;579.25;1;10041235082;B
20240405;100458;579.1;144;10041235404;S
20240405;100458;579.1;346;10041235405;S
20240405;100458;579.05;10;10041235406;S
20240405;100458;579.05;79;10041235407;S
20240405;100458;579.05;421;10041235408;S
20240405;100500;579.1;1;10041235886;S
20240405;100501;579.15;124;10041235958;B
20240405;100501;579.2;79;10041235959;B
20240405;100501;579.2;144;10041235960;B
20240405;100501;579.25;17;10041235961;B
20240405;100501;579.3;470;10041235962;B
20240405;100501;579.3;1;10041235963;B
20240405;100501;579.3;138;10041235964;B
20240405;100501;579.35;1;10041235965;B
20240405;100501;579.35;10;10041235966;B
20240405;100501;579.35;138;10041235967;B
20240405;100501;579.35;1000;10041235968;B
20240405;100501;579.4;120;10041235969;B
20240405;100501;579.4;5;10041235970;B
20240405;100501;579.4;138;10041235971;B
20240405;100501;579.45;500;10041235972;B
20240405;100501;579.45;95;10041235973;B
20240405;100501;579.45;1;10041235974;B
20240405;100501;579.45;388;10041235975;B
20240405;100501;579.5;30;10041235976;B
20240405;100501;579.5;1;10041235977;B
20240405;100501;579.5;15;10041235978;B
20240405;100501;579.5;25;10041235979;B
20240405;100501;579.5;1;10041235980;B
20240405;100501;579.5;1;10041235981;B
20240405;100501;579.55;1000;10041235982;B
20240405;100501;579.55;40;10041235983;B
20240405;100501;579.55;125;10041235984;B
20240405;100501;579.55;340;10041235985;S
20240405;100501;579.55;53;10041235986;S
20240405;100501;579.55;1;10041235993;B
20240405;100501;579.25;20;10041236124;S
20240405;100503;579.5;9;10041236487;B
20240405;100503;579.5;8;10041236488;B
20240405;100503;579.55;143;10041236489;B
20240405;100503;579.55;138;10041236490;B
20240405;100503;579.55;2;10041236491;B
20240405;100504;579.5;2;10041236681;B
20240405;100505;579.3;10;10041236977;S
20240405;100507;579.5;2;10041237353;B
20240405;100507;579.55;18;10041237354;B
20240405;100507;579.55;138;10041237355;B
20240405;100507;579.55;42;10041237356;B
20240405;100508;579.45;3;10041237499;S
20240405;100510;579.45;1;10041237839;S
20240405;100512;579.45;36;10041238175;S
20240405;100512;579.45;1;10041238217;B
20240405;100515;579.35;5;10041238662;S
20240405;100515;579.35;12;10041238718;S
20240405;100516;579.45;63;10041238788;B
20240405;100516;579.45;118;10041238789;B
20240405;100516;579.45;2;10041238790;B
20240405;100516;579.5;1;10041238791;B
20240405;100516;579.5;1500;10041238792;B
20240405;100516;579.5;300;10041238793;B
20240405;100516;579.5;12;10041238794;B
20240405;100516;579.55;138;10041238795;B
20240405;100516;579.55;144;10041238796;B
20240405;100516;579.55;346;10041238797;B
20240405;100516;579.6;1;10041238798;B
20240405;100516;579.6;2;10041238799;B
20240405;100516;579.6;1500;10041238800;B
20240405;100516;579.6;138;10041238801;B
20240405;100516;579.65;1;10041238802;B
20240405;100516;579.65;102;10041238803;B
20240405;100516;579.45;15;10041238851;S
20240405;100518;579.55;1;10041239054;S
20240405;100519;579.45;8;10041239166;S
20240405;100519;579.35;9;10041239167;S
20240405;100520;579.55;1;10041239359;B
20240405;100520;579.6;1;10041239360;B
20240405;100523;579.6;22;10041240110;B
20240405;100523;579.6;9;10041240111;B
20240405;100523;579.6;2;10041240112;B
20240405;100523;579.6;20;10041240113;B
20240405;100523;579.6;7;10041240114;B
20240405;100526;579.55;18;10041240760;B
20240405;100527;579.45;1;10041240872;S
20240405;100527;579.5;100;10041241412;S
20240405;100529;579.45;24;10041241785;S
20240405;100529;579.5;6;10041241835;B
20240405;100530;579.55;1;10041241899;B
20240405;100531;579.45;364;10041242096;S
20240405;100531;579.4;7;10041242097;S
20240405;100531;579.4;86;10041242098;S
20240405;100532;579.4;5;10041242547;B
20240405;100532;579.35;20;10041242728;S
20240405;100532;579.3;20;10041242730;S
20240405;100532;579.3;45;10041242731;S
20240405;100532;579.3;39;10041242736;S
20240405;100532;579.3;4;10041242750;S
20240405;100532;579.3;2;10041242751;S
20240405;100532;579.35;20;10041242785;B
20240405;100532;579.3;1;10041242786;S
20240405;100533;579.3;1;10041242873;S
20240405;100533;579.3;1;10041242884;S
20240405;100533;579.35;2;10041242888;B
20240405;100533;579.3;2;10041242906;S
20240405;100533;579.3;1;10041243011;S
20240405;100533;579.3;1;10041243012;S
20240405;100534;579.3;1;10041243070;S
20240405;100534;579.35;1;10041243121;B
20240405;100535;579.25;1;10041243340;S
20240405;100535;579.25;1;10041243341;S
20240405;100535;579.25;1;10041243342;S
20240405;100535;579.25;1;10041243425;S
20240405;100535;579.25;1;10041243426;S
20240405;100535;579.3;4;10041243479;B
20240405;100535;579.25;1;10041243501;S
20240405;100536;579.25;1;10041243526;S
20240405;100536;579.3;5;10041243647;B
20240405;100537;579.3;20;10041243840;B
20240405;100537;579.25;143;10041243890;S
20240405;100537;579.2;300;10041243891;S
20240405;100537;579.2;150;10041243892;S
20240405;100537;579.2;74;10041243893;S
20240405;100537;579.15;500;10041243894;S
20240405;100537;579.15;150;10041243895;S
20240405;100537;579.15;138;10041243896;S
20240405;100537;579.15;86;10041243897;S
20240405;100537;579.15;7;10041243898;S
20240405;100537;579.15;388;10041243899;S
20240405;100537;579.1;19;10041243900;S
20240405;100537;579.1;150;10041243901;S
20240405;100537;579.1;138;10041243902;S
20240405;100537;579.1;107;10041243903;S
20240405;100538;579.1;4;10041243976;B
20240405;100539;579.1;187;10041244222;B
20240405;100539;579.15;13;10041244223;B
20240405;100541;579.25;4;10041244536;B
20240405;100544;579.1;87;10041245260;B
20240405;100544;579.2;114;10041245261;B
20240405;100544;579.25;83;10041245262;B
20240405;100544;579.25;100;10041245263;B
20240405;100544;579.25;31;10041245264;B
20240405;100544;579.3;144;10041245265;B
20240405;100544;579.35;173;10041245266;B
20240405;100544;579.35;144;10041245267;B
20240405;100544;579.35;40;10041245268;B
20240405;100544;579.4;397;10041245269;B
20240405;100545;579.25;104;10041245383;B
20240405;100545;579.3;4;10041245384;S
20240405;100545;579.3;3;10041245505;S
20240405;100545;579.35;5;10041245534;B
20240405;100545;579.35;168;10041245580;B
20240405;100545;579.35;85;10041245581;B
20240405;100545;579.35;346;10041245582;B
20240405;100545;579.4;821;10041245583;B
20240405;100545;579.4;60;10041245584;B
20240405;100545;579.4;100;10041245585;B
20240405;100546;579.35;173;10041245740;B
20240405;100546;579.35;27;10041245741;B
20240405;100547;579.35;30;10041245912;B
20240405;100547;579.35;1;10041245931;B
20240405;100547;579.3;1;10041245944;S
20240405;100547;579.3;10;10041246059;S
20240405;100549;579.3;1;10041246291;S
20240405;100549;579.35;6;10041246327;B
20240405;100549;579.35;5;10041246388;B
20240405;100551;579.3;1;10041246916;S
20240405;100552;579.3;51;10041246985;S
20240405;100552;579.3;13;10041246986;S
20240405;100552;579.35;10;10041246989;B
20240405;100552;579.3;1;10041247254;S
20240405;100552;579.3;3;10041247296;S
20240405;100554;579.35;5;10041247631;B
20240405;100554;579.35;147;10041247740;B
20240405;100554;579.35;64;10041247741;B
20240405;100554;579.35;113;10041247742;B
20240405;100554;579.35;346;10041247743;B
20240405;100554;579.35;330;10041247744;B
20240405;100555;579.4;20;10041247853;B
20240405;100555;579.3;179;10041247900;S
20240405;100555;579.3;1;10041247907;S
20240405;100556;579.3;1;10041248097;S
20240405;100558;579.35;173;10041248541;B
20240405;100558;579.35;144;10041248542;B
20240405;100558;579.35;112;10041248543;B
20240405;100558;579.4;4412;10041248544;B
20240405;100558;579.4;100;10041248545;B
20240405;100558;579.4;14;10041248546;B
20240405;100558;579.4;5;10041248547;B
20240405;100558;579.4;40;10041248548;B
20240405;100558;579.35;1;10041248662;B
20240405;100558;579.35;6;10041248668;B
20240405;100559;579.3;2;10041248724;S
20240405;100559;579.3;68;10041248725;S
20240405;100600;579.35;50;10041248836;B
20240405;100600;579.3;1;10041248883;S
20240405;100600;579.35;6;10041248889;B
20240405;100600;579.35;19;10041248995;B
20240405;100601;579.35;2;10041249211;B
20240405;100601;579.35;2;10041249277;B
20240405;100602;579.35;5;10041249335;B
20240405;100602;579.3;8;10041249402;S
20240405;100603;579.3;4;10041249490;S
20240405;100603;579.35;1;10041249537;B
20240405;100603;579.35;1;10041249543;B
20240405;100603;579.3;2;10041249584;S
20240405;100603;579.35;43;10041249669;B
20240405;100603;579.35;112;10041249670;B
20240405;100603;579.35;289;10041249671;B
20240405;100603;579.35;173;10041249733;B
20240405;100603;579.4;77;10041249734;B
20240405;100605;579.35;20;10041250051;S
20240405;100605;579.4;500;10041250068;B
20240405;100606;579.4;307;10041250175;B
20240405;100606;579.4;1;10041250244;B
20240405;100607;579.4;3;10041250363;B
20240405;100607;579.4;2;10041250364;B
20240405;100607;579.35;1;10041250610;S
20240405;100607;579.35;63;10041250615;S
20240405;100608;579.4;100;10041250675;B
20240405;100608;579.4;500;10041250831;B
20240405;100609;579.35;91;10041250926;S
20240405;100609;579.35;200;10041250927;S
20240405;100609;579.35;144;10041250928;S
20240405;100609;579.3;2;10041251264;S
20240405;100609;579.3;50;10041251290;S
20240405;100611;579.35;20;10041251938;B
20240405;100612;579.35;1;10041252068;B
20240405;100613;579.35;44;10041252181;B
20240405;100613;579.35;3;10041252182;B
20240405;100613;579.35;53;10041252183;B
20240405;100613;579.35;17;10041252185;B
20240405;100618;579.35;10;10041253096;B
20240405;100618;579.35;90;10041253097;B
20240405;100619;579.4;2;10041253499;B
20240405;100620;579.4;1;10041253535;B
20240405;100620;579.35;100;10041253536;S
20240405;100620;579.4;1;10041253553;B
20240405;100623;579.4;2;10041254061;B
20240405;100623;579.4;1;10041254072;B
20240405;100623;579.4;2;10041254075;B
20240405;100626;579.35;1;10041254457;S
20240405;100626;579.35;345;10041254679;S
20240405;100626;579.35;173;10041254680;S
20240405;100626;579.3;365;10041254681;S
20240405;100626;579.3;777;10041254682;S
20240405;100626;579.3;150;10041254683;S
20240405;100626;579.3;144;10041254684;S
20240405;100626;579.3;1;10041254685;S
20240405;100626;579.3;1;10041254686;S
20240405;100626;579.25;86;10041254687;S
20240405;100626;579.25;85;10041254688;S
20240405;100626;579.25;1;10041254689;S
20240405;100626;579.2;250;10041254690;S
20240405;100627;579.15;3;10041254782;S
20240405;100627;579.15;2;10041254790;S
20240405;100627;579.2;10;10041254805;B
20240405;100627;579.2;5;10041254811;B
20240405;100629;579.15;1;10041255038;S
20240405;100629;579.2;4;10041255057;B
20240405;100629;579.2;1;10041255164;B
20240405;100630;579.2;200;10041255262;B
20240405;100630;579.2;102;10041255348;B
20240405;100630;579.2;111;10041255349;B
20240405;100630;579.3;78;10041255350;B
20240405;100630;579.3;9;10041255351;B
20240405;100630;579.2;173;10041255379;S
20240405;100630;579.2;27;10041255380;S
20240405;100631;579.3;1;10041255414;B
20240405;100631;579.35;50;10041255496;B
20240405;100633;579.3;5;10041255863;B
20240405;100634;579.2;346;10041255970;S
20240405;100634;579.2;144;10041255971;S
20240405;100634;579.15;494;10041255972;S
20240405;100634;579.15;110;10041255973;S
20240405;100634;579.1;1558;10041255974;S
20240405;100634;579.1;6;10041255975;S
20240405;100634;579.1;173;10041255976;S
20240405;100634;579.05;2169;10041255977;S
20240405;100637;579.1;50;10041256667;S
20240405;100637;579.05;195;10041256668;S
20240405;100640;579.05;14;10041257124;S
20240405;100640;579.1;2;10041257223;S
20240405;100640;579.1;1;10041257267;S
20240405;100641;579.15;5;10041257323;B
20240405;100641;579.1;497;10041257355;S
20240405;100641;579.05;622;10041257356;S
20240405;100641;579.05;1;10041257357;S
20240405;100641;579.05;100;10041257358;S
20240405;100641;579;21;10041257359;S
20240405;100641;579;1;10041257360;S
20240405;100641;579;124;10041257361;S
20240405;100641;579;2;10041257362;S
20240405;100641;579;5;10041257363;S
20240405;100641;579;6;10041257364;S
20240405;100641;579;110;10041257365;S
20240405;100641;579;144;10041257366;S
20240405;100641;578.95;8;10041257368;S
20240405;100644;579;21;10041257987;B
20240405;100645;579;1;10041258258;B
20240405;100645;578.95;3;10041258296;S
20240405;100646;578.95;15;10041258432;S
20240405;100647;578.95;10;10041258535;S
20240405;100648;579;2;10041258645;B
20240405;100648;579;1;10041258718;B
20240405;100649;579;1;10041258741;B
20240405;100649;578.95;2;10041258911;S
20240405;100651;578.95;1;10041259227;S
20240405;100652;578.95;1;10041259263;S
20240405;100653;578.95;2;10041259433;S
20240405;100653;578.95;8;10041259488;S
20240405;100653;578.85;18;10041259489;S
20240405;100654;578.95;144;10041259631;B
20240405;100654;578.95;110;10041259632;B
20240405;100658;579;1;10041260428;B
20240405;100659;578.95;1;10041260501;S
20240405;100659;578.95;4;10041260523;S
20240405;100700;579;6;10041260664;B
20240405;100700;578.95;28;10041260669;S
20240405;100700;579;2;10041260687;B
20240405;100701;579;5;10041260954;B
20240405;100702;579;4;10041261048;B
20240405;100702;578.95;2;10041261118;S
20240405;100703;578.95;20;10041261309;S
20240405;100704;578.95;2;10041261383;S
20240405;100704;578.95;51;10041261420;S
20240405;100704;578.95;5;10041261734;S
20240405;100705;578.95;633;10041261855;S
20240405;100705;578.9;3;10041261856;S
20240405;100705;578.85;91;10041261857;S
20240405;100705;578.8;2;10041261858;S
20240405;100705;578.8;56;10041261859;S
20240405;100705;578.8;1;10041261860;S
20240405;100705;578.8;3;10041261861;S
20240405;100705;578.8;77;10041261862;S
20240405;100705;578.8;6;10041261863;S
20240405;100705;578.8;1;10041261864;S
20240405;100705;578.8;144;10041261865;S
20240405;100705;578.75;138;10041261866;S
20240405;100705;578.7;500;10041261867;S
20240405;100705;578.7;138;10041261868;S
20240405;100705;578.7;388;10041261869;S
20240405;100705;578.65;138;10041261870;S
20240405;100705;578.6;100;10041261871;S
20240405;100705;578.6;1038;10041261872;S
20240405;100705;578.55;25;10041261873;S
20240405;100705;578.55;60;10041261874;S
20240405;100705;578.55;1000;10041261875;S
20240405;100705;578.55;500;10041261876;S
20240405;100705;578.5;5;10041261877;S
20240405;100705;578.5;765;10041261878;S
20240405;100705;578.5;10;10041261879;S
20240405;100705;578.5;995;10041261880;S
20240405;100705;578.55;20;10041261893;S
20240405;100706;578.6;1;10041262005;B
20240405;100706;578.55;4;10041262013;S
20240405;100707;578.6;2;10041262192;B
20240405;100708;578.6;1;10041262307;B
20240405;100710;578.6;4;10041262665;B
20240405;100712;578.6;1;10041262908;B
20240405;100713;578.55;111;10041263084;S
20240405;100713;578.6;1;10041263135;B
20240405;100713;578.6;3;10041263143;B
20240405;100716;578.6;50;10041263554;B
20240405;100716;578.55;1;10041263559;S
20240405;100718;578.6;1;10041263898;B
20240405;100720;578.6;1;10041264182;B
20240405;100720;578.6;10;10041264373;B
20240405;100721;578.55;2;10041264489;S
20240405;100721;578.55;3;10041264490;S
20240405;100722;578.6;1;10041264615;B
20240405;100723;578.6;1;10041265118;B
20240405;100724;578.55;105;10041265214;S
20240405;100724;578.55;388;10041265215;S
20240405;100724;578.55;138;10041265216;S
20240405;100724;578.5;5;10041265217;S
20240405;100724;578.5;138;10041265218;S
20240405;100724;578.45;138;10041265219;S
20240405;100724;578.45;5;10041265220;S
20240405;100724;578.4;144;10041265221;S
20240405;100724;578.35;1;10041265222;S
20240405;100724;578.35;67;10041265223;S
20240405;100724;578.3;3;10041265224;S
20240405;100724;578.25;2;10041265225;S
20240405;100724;578.25;200;10041265226;S
20240405;100724;578.25;50;10041265227;S
20240405;100724;578.2;2;10041265228;S
20240405;100724;578.2;1;10041265229;S
20240405;100724;578.2;16;10041265230;S
20240405;100724;578.2;2;10041265231;S
20240405;100724;578.2;1000;10041265232;S
20240405;100724;578.2;4;10041265233;S
20240405;100724;578.15;50;10041265234;S
20240405;100724;578.1;100;10041265235;S
20240405;100724;578.1;200;10041265236;S
20240405;100724;578.1;69;10041265237;S
20240405;100724;578.1;100;10041265238;S
20240405;100724;578.1;10;10041265239;S
20240405;100724;578.1;1;10041265240;S
20240405;100724;578.1;824;10041265241;S
20240405;100724;578.05;55;10041265242;S
20240405;100724;578.05;4;10041265243;S
20240405;100724;578.05;113;10041265244;S
20240405;100724;578.1;5;10041265302;S
20240405;100725;578.2;1;10041265440;B
20240405;100726;578.25;106;10041265704;S
20240405;100726;578.25;389;10041265705;S
20240405;100726;578.25;138;10041265706;S
20240405;100728;578.25;144;10041265943;B
20240405;100728;578.25;102;10041265944;B
20240405;100728;578.25;1;10041266028;B
20240405;100732;578.3;1;10041266820;B
20240405;100732;578.25;112;10041266821;S
20240405;100732;578.25;26;10041266849;S
20240405;100732;578.25;174;10041266850;S
20240405;100733;578.3;17;10041266936;B
20240405;100733;578.3;100;10041266973;B
20240405;100734;578.25;2;10041267071;S
20240405;100735;578.35;65;10041267179;B
20240405;100735;578.35;2841;10041267180;B
20240405;100735;578.35;144;10041267181;B
20240405;100735;578.5;50;10041267330;B
20240405;100737;578.5;1;10041267571;B
20240405;100739;578.4;104;10041267897;S
20240405;100739;578.4;173;10041267898;S
20240405;100739;578.4;144;10041267899;S
20240405;100739;578.4;100;10041267900;S
20240405;100739;578.35;138;10041267901;S
20240405;100739;578.3;138;10041267902;S
20240405;100739;578.3;79;10041267903;S
20240405;100739;578.25;136;10041267904;S
20240405;100739;578.2;5;10041267905;S
20240405;100739;578.2;388;10041267906;S
20240405;100739;578.15;316;10041267907;S
20240405;100739;578.1;10;10041267908;S
20240405;100739;578.1;269;10041267909;S
20240405;100741;578.35;100;10041268360;B
20240405;100744;578.2;138;10041268854;S
20240405;100744;578.2;173;10041268855;S
20240405;100744;578.15;134;10041268856;S
20240405;100744;578.35;10;10041268874;B
20240405;100745;578.35;1;10041269000;B
20240405;100747;578.35;1;10041269296;B
20240405;100749;578.35;5;10041269724;B
20240405;100750;578.35;1;10041269927;B
20240405;100752;578.35;1;10041270260;B
20240405;100755;578.35;1;10041270732;B
20240405;100757;578.25;3;10041270870;S
20240405;100757;578.25;97;10041270871;S
20240405;100802;578.25;2;10041271674;S
20240405;100802;578.35;3;10041271678;B
20240405;100803;578.35;34;10041271738;B
20240405;100803;578.25;98;10041271780;S
20240405;100803;578.25;1;10041271781;S
20240405;100803;578.2;138;10041271782;S
20240405;100803;578.2;100;10041271783;S
20240405;100803;578.15;4;10041271784;S
20240405;100803;578.15;412;10041271785;S
20240405;100803;578.15;144;10041271786;S
20240405;100803;578.1;231;10041271787;S
20240405;100803;578.1;4;10041271788;S
20240405;100803;578.1;138;10041271789;S
20240405;100803;578.1;1;10041271790;S
20240405;100803;578.1;450;10041271791;S
20240405;100803;578.05;500;10041271792;S
20240405;100803;578.05;5;10041271793;S
20240405;100803;578.05;100;10041271794;S
20240405;100803;578.05;173;10041271795;S
20240405;100803;578;10;10041271796;S
20240405;100803;578;1;10041271797;S
20240405;100803;578;5;10041271798;S
20240405;100803;578;5;10041271799;S
20240405;100803;578;30;10041271800;S
20240405;100803;578;4;10041271801;S
20240405;100803;578;7;10041271802;S
20240405;100803;578;2;10041271803;S
20240405;100803;578;7437;10041271804;S
20240405;100804;578.05;138;10041272164;S
20240405;100804;578.05;2;10041272165;S
20240405;100804;578;10;10041272166;S
20240405;100804;578.1;1;10041272288;B
20240405;100804;578;246;10041272350;S
20240405;100805;578.1;1;10041272493;B
20240405;100806;578.1;1;10041272950;B
20240405;100807;578.1;1;10041273018;B
20240405;100807;578.1;2;10041273019;B
20240405;100808;578.1;100;10041273245;B
20240405;100810;578.1;1;10041273545;B
20240405;100810;578.1;1;10041273566;B
20240405;100810;578.1;40;10041273571;B
20240405;100810;578.15;100;10041273572;B
20240405;100810;578.15;335;10041273573;B
20240405;100811;578.2;87;10041273617;B
20240405;100811;578.2;413;10041273618;B
20240405;100813;578.25;2;10041273874;B
20240405;100813;578.1;6;10041273898;S
20240405;100813;578.25;198;10041273926;B
20240405;100813;578.25;30;10041273927;B
20240405;100816;578.15;10;10041274265;S
20240405;100816;578.1;2;10041274266;S
20240405;100817;578.1;10;10041274427;S
20240405;100819;578.2;1;10041274810;S
20240405;100820;578.25;20;10041274909;B
20240405;100824;578.15;1;10041275648;S
20240405;100824;578.2;90;10041275690;B
20240405;100825;578.15;9;10041275775;S
20240405;100825;578.15;6;10041275776;S
20240405;100825;578.2;2;10041275815;B
20240405;100828;578.2;1;10041276350;B
20240405;100828;578.2;6;10041276351;B
20240405;100830;578.2;1;10041276542;B
20240405;100831;578.2;75;10041276730;B
20240405;100832;578.15;3;10041276950;S
20240405;100834;578.2;2;10041277185;B
20240405;100836;578.15;1;10041277360;S
20240405;100836;578.15;271;10041277361;S
20240405;100838;578.25;21;10041277690;B
20240405;100838;578.25;7;10041277691;B
20240405;100840;578.25;3;10041277853;B
20240405;100840;578.25;1;10041277969;B
20240405;100842;578.15;40;10041278217;S
20240405;100842;578.15;1;10041278218;S
20240405;100842;578.1;1;10041278219;S
20240405;100842;578.1;99;10041278220;S
20240405;100842;578.1;1;10041278221;S
20240405;100842;578.1;158;10041278222;S
20240405;100842;578.25;25;10041278320;B
20240405;100844;578.35;1;10041278561;B
20240405;100846;578.15;2;10041278774;S
20240405;100847;578.2;173;10041279023;S
20240405;100847;578.2;27;10041279024;S
20240405;100850;578.15;16;10041279340;S
20240405;100850;578.15;173;10041279341;S
20240405;100850;578.1;4;10041279342;S
20240405;100850;578.1;144;10041279343;S
20240405;100850;578.1;86;10041279344;S
20240405;100850;578.1;100;10041279345;S
20240405;100850;578.1;206;10041279346;S
20240405;100850;578.05;1;10041279347;S
20240405;100850;578.05;5;10041279348;S
20240405;100850;578.05;2;10041279349;S
20240405;100850;578.05;8;10041279350;S
20240405;100850;578.05;346;10041279351;S
20240405;100850;578.05;229;10041279352;S
20240405;100850;578;2021;10041279353;S
20240405;100857;578.05;8;10041280274;S
20240405;100857;578.05;91;10041280280;S
20240405;100857;578.05;96;10041280281;S
20240405;100857;578.05;173;10041280282;S
20240405;100857;578.05;2;10041280283;S
20240405;100857;578.05;500;10041280284;S
20240405;100857;578;388;10041280285;S
20240405;100857;578.05;55;10041280338;S
20240405;100857;578;745;10041280339;S
20240405;100859;578.05;1;10041280527;B
20240405;100859;578.05;1;10041280546;B
20240405;100859;578;1;10041280569;S
20240405;100859;578;3;10041280570;S
20240405;100900;578;5;10041280643;S
20240405;100900;578.05;98;10041280676;B
20240405;100900;578.1;680;10041280677;B
20240405;100900;578;66;10041280679;S
20240405;100901;578;250;10041280991;S
20240405;100903;578.1;2;10041281288;B
20240405;100904;578.05;5;10041281452;B
20240405;100904;578.05;144;10041281453;B
20240405;100904;578.05;51;10041281454;B
20240405;100907;578;2128;10041281755;S
20240405;100907;578;2;10041281756;S
20240405;100907;578;184;10041281757;S
20240405;100907;578;5;10041281758;S
20240405;100907;578;1;10041281759;S
20240405;100907;578;50;10041281760;S
20240405;100907;578;2;10041281761;S
20240405;100907;578;50;10041281762;S
20240405;100907;578;172;10041281763;S
20240405;100907;578;68;10041281764;S
20240405;100907;578;4;10041281765;S
20240405;100907;578;100;10041281766;S
20240405;100907;578;200;10041281767;S
20240405;100907;578;3;10041281768;S
20240405;100907;578;1;10041281769;S
20240405;100907;578;5;10041281770;S
20240405;100907;578;100;10041281771;S
20240405;100907;578;100;10041281772;S
20240405;100907;578;7;10041281773;S
20240405;100907;578;9;10041281774;S
20240405;100907;578;88;10041281775;S
20240405;100907;578;1;10041281776;S
20240405;100908;578;2;10041281864;B
20240405;100910;577.95;50;10041282196;S
20240405;100911;578;1;10041282320;B
20240405;100911;578;18;10041282334;B
20240405;100911;578;144;10041282335;B
20240405;100911;578;1;10041282336;B
20240405;100911;578;63;10041282337;B
20240405;100912;578;10;10041282448;B
20240405;100912;578;15;10041282510;B
20240405;100912;577.95;8;10041282519;S
20240405;100912;578;4;10041282547;B
20240405;100913;578;46;10041282666;B
20240405;100913;578;144;10041282667;B
20240405;100913;578;40;10041282668;B
20240405;100915;577.95;20;10041282909;S
20240405;100915;578;20;10041282918;B
20240405;100915;578;36;10041282960;B
20240405;100915;578;4;10041282969;B
20240405;100915;578;46;10041282970;B
20240405;100915;578;50;10041282985;B
20240405;100915;578;50;10041282990;B
20240405;100916;578;35;10041283006;B
20240405;100916;578;30;10041283011;B
20240405;100916;578;4;10041283158;B
20240405;100917;578;4;10041283227;B
20240405;100917;577.95;100;10041283278;S
20240405;100917;578;50;10041283282;B
20240405;100918;578;1;10041283408;B
20240405;100918;578;126;10041283439;B
20240405;100920;578;2;10041283738;B
20240405;100921;577.95;2;10041283826;S
20240405;100922;577.95;3;10041283887;S
20240405;100922;577.95;1;10041283903;S
20240405;100922;578;8;10041283910;B
20240405;100922;578;7;10041283911;B
20240405;100922;578;1;10041283930;B
20240405;100922;578;30;10041284041;B
20240405;100923;578;6;10041284149;B
20240405;100924;577.95;8;10041284298;S
20240405;100924;578;3;10041284350;B
20240405;100924;577.95;200;10041284357;S
20240405;100924;578;97;10041284377;B
20240405;100924;578;30;10041284378;B
20240405;100924;578;1;10041284379;B
20240405;100924;578;100;10041284380;B
20240405;100924;578;8;10041284381;B
20240405;100925;578;264;10041284447;S
20240405;100925;578;28;10041284448;S
20240405;100925;578;81;10041284449;S
20240405;100925;578;2;10041284461;S
20240405;100925;578;12;10041284518;S
20240405;100925;578;78;10041284519;S
20240405;100926;578.05;10;10041284587;B
20240405;100926;578.05;85;10041284646;B
20240405;100927;578.05;5;10041284721;B
20240405;100927;578;372;10041284754;S
20240405;100927;578;7;10041284755;S
20240405;100931;578.05;2;10041285238;B
20240405;100931;578.05;301;10041285242;B
20240405;100931;578.05;144;10041285243;B
20240405;100931;578.05;1;10041285244;B
20240405;100931;578.05;54;10041285245;B
20240405;100931;578;3;10041285293;S
20240405;100931;577.95;11;10041285294;S
20240405;100931;578.1;1;10041285361;B
20240405;100933;578.1;8;10041285589;B
20240405;100935;578;30;10041285862;S
20240405;100935;578;2;10041285863;S
20240405;100936;578;1;10041285947;B
20240405;100936;578;5;10041285965;B
20240405;100938;578;21;10041286174;B
20240405;100938;578;14;10041286175;B
20240405;100938;578;2;10041286188;S
20240405;100938;577.95;48;10041286189;S
20240405;100939;578.05;8;10041286363;B
20240405;100941;577.95;1;10041286661;S
20240405;100942;577.95;684;10041286680;S
20240405;100942;577.95;7;10041286681;S
20240405;100942;577.95;100;10041286682;S
20240405;100942;577.95;1;10041286683;S
20240405;100942;577.95;1208;10041286684;S
20240405;100944;578.05;2;10041287018;B
20240405;100945;577.95;91;10041287138;S
20240405;100947;577.95;5;10041287375;S
20240405;100948;577.95;3;10041287438;S
20240405;100948;577.95;90;10041287497;S
20240405;100950;577.95;1603;10041287671;S
20240405;100950;577.95;17;10041287672;S
20240405;100950;577.95;110;10041287673;S
20240405;100950;577.95;1570;10041287674;S
20240405;100950;577.95;55;10041287712;S
20240405;100950;578.05;1;10041287713;B
20240405;100952;578.05;1;10041287915;B
20240405;100958;577.95;6;10041288833;S
20240405;100959;577.95;4;10041288867;S
20240405;100959;578.05;1;10041288968;B
20240405;101000;578;100;10041289104;S
20240405;101000;577.95;273;10041289105;S
20240405;101000;578.05;7;10041289159;B
20240405;101005;578.05;132;10041289965;B
20240405;101005;578.05;173;10041289966;B
20240405;101006;578.05;6;10041290131;S
20240405;101007;578.05;1;10041290150;S
20240405;101007;578.05;3;10041290235;S
20240405;101008;578.05;185;10041290331;S
20240405;101008;578.05;129;10041290332;S
20240405;101008;578;1;10041290333;S
20240405;101008;577.95;35;10041290334;S
20240405;101009;577.95;2;10041290382;S
20240405;101011;578.05;1;10041290728;B
20240405;101011;578.05;143;10041290747;B
20240405;101011;578.05;7;10041290748;B
20240405;101011;578.05;10;10041290751;B
20240405;101012;578.05;1;10041290897;B
20240405;101012;578.05;1;10041290927;B
20240405;101013;578.05;3;10041291065;B
20240405;101013;578.05;5;10041291081;B
20240405;101016;578.05;146;10041291523;B
20240405;101016;578.05;144;10041291524;B
20240405;101016;578.1;77;10041291525;B
20240405;101016;578.1;133;10041291526;B
20240405;101017;578.1;18;10041291684;B
20240405;101019;578.15;6;10041291946;B
20240405;101019;578.15;994;10041291947;B
20240405;101022;578.05;6;10041292290;S
20240405;101022;578.1;5;10041292331;B
20240405;101024;578.05;1;10041292605;S
20240405;101026;578.15;1;10041292933;B
20240405;101027;578.15;5;10041293088;B
20240405;101028;578.05;68;10041293154;S
20240405;101028;578.15;1;10041293191;B
20240405;101030;578.05;20;10041293524;S
20240405;101033;578.15;2;10041293880;B
20240405;101038;578.15;5;10041294550;B
20240405;101039;578.1;10;10041294614;S
20240405;101039;578.15;1;10041294618;B
20240405;101039;578.15;1;10041294637;B
20240405;101040;578.15;100;10041294798;B
20240405;101041;578.15;1;10041294902;B
20240405;101042;578.15;145;10041295050;B
20240405;101042;578.15;121;10041295051;B
20240405;101042;578.15;144;10041295052;B
20240405;101042;578.15;90;10041295053;B
20240405;101042;578.1;173;10041295162;S
20240405;101042;578.1;2;10041295163;S
20240405;101046;578.2;1;10041295630;B
20240405;101046;578.15;1;10041295685;S
20240405;101046;578.1;344;10041295686;S
20240405;101046;578.1;173;10041295687;S
20240405;101046;578.05;412;10041295688;S
20240405;101046;578.05;70;10041295689;S
20240405;101046;578.05;7;10041295698;S
20240405;101050;578.15;5;10041296269;B
20240405;101050;578.05;8;10041296287;S
20240405;101050;578.05;24;10041296288;S
20240405;101050;578.05;1;10041296289;S
20240405;101050;578.05;56;10041296290;S
20240405;101050;578.05;127;10041296291;S
20240405;101050;578;158;10041296292;S
20240405;101051;578;4;10041296460;S
20240405;101054;578.1;1;10041296909;B
20240405;101057;578;6;10041297144;S
20240405;101057;578;1;10041297145;S
20240405;101058;578.1;143;10041297279;B
20240405;101058;578.15;5;10041297316;B
20240405;101058;578.15;1;10041297317;B
20240405;101059;578.1;217;10041297511;S
20240405;101059;578.1;5;10041297512;S
20240405;101059;578.05;125;10041297513;S
20240405;101059;578.05;9;10041297542;B
20240405;101101;578;4;10041297978;S
20240405;101101;578;96;10041297979;S
20240405;101102;578.05;1;10041298044;B
20240405;101102;577.95;2;10041298224;S
20240405;101103;578;15;10041298352;B
20240405;101104;577.95;20;10041298402;S
20240405;101105;578.05;2;10041298519;B
20240405;101105;578;9;10041298598;B
20240405;101106;578;2;10041298650;B
20240405;101106;577.95;2;10041298663;S
20240405;101106;577.95;9;10041298796;S
20240405;101107;577.95;2;10041298835;S
20240405;101107;578;1;10041298841;B
20240405;101108;577.95;1;10041298989;S
20240405;101109;578;5;10041299130;B
20240405;101109;578;1;10041299202;B
20240405;101109;577.95;1;10041299261;S
20240405;101109;578;2;10041299301;B
20240405;101110;577.95;4;10041299418;S
20240405;101110;577.95;265;10041299474;S
20240405;101112;577.95;2;10041299620;S
20240405;101113;577.95;98;10041299787;S
20240405;101114;578;18;10041299952;B
20240405;101115;578;13;10041300119;B
20240405;101117;578;1;10041300261;B
20240405;101117;578;1;10041300301;B
20240405;101117;577.95;1;10041300428;S
20240405;101118;578;1;10041300618;B
20240405;101118;578;2;10041300636;B
20240405;101120;578;9;10041300978;B
20240405;101120;578;1;10041301041;B
20240405;101122;577.95;2;10041301266;S
20240405;101122;578;10;10041301277;B
20240405;101122;578;2;10041301322;B
20240405;101123;578;1;10041301394;B
20240405;101125;578;20;10041301674;B
20240405;101126;578;25;10041301794;B
20240405;101128;578;10;10041302002;B
20240405;101130;578;2;10041302284;B
20240405;101131;577.95;6;10041302396;S
20240405;101131;577.95;100;10041302423;S
20240405;101131;578;2;10041302429;B
20240405;101132;577.95;1;10041302438;S
20240405;101132;577.95;2;10041302445;S
20240405;101132;578;5;10041302535;B
20240405;101132;578;1;10041302578;B
20240405;101133;578;2;10041302755;B
20240405;101134;577.95;30;10041302848;S
20240405;101134;578;3;10041302956;B
20240405;101135;578;1;10041302994;B
20240405;101135;578;5;10041303119;B
20240405;101135;578;15;10041303120;B
20240405;101136;578;115;10041303293;B
20240405;101136;578;320;10041303294;B
20240405;101136;578;472;10041303295;B
20240405;101136;578;93;10041303296;B
20240405;101136;577.95;500;10041303320;S
20240405;101136;578;6;10041303383;B
20240405;101137;578;5;10041303516;B
20240405;101141;577.95;150;10041304100;S
20240405;101144;578;589;10041304503;B
20240405;101144;578;10;10041304504;B
20240405;101144;578;144;10041304505;B
20240405;101144;578;173;10041304506;B
20240405;101145;578;3;10041304605;S
20240405;101145;578;1081;10041304618;S
20240405;101145;578;499;10041304619;S
20240405;101145;578.05;15;10041304635;B
20240405;101145;578;1;10041304687;S
20240405;101147;578;173;10041304817;B
20240405;101147;578;144;10041304818;B
20240405;101147;578;183;10041304819;B
20240405;101147;578;1;10041304882;B
20240405;101151;578;1;10041305428;S
20240405;101153;578;19;10041305705;S
20240405;101153;578.05;6;10041305739;B
20240405;101154;578;1;10041305827;S
20240405;101157;578.05;7;10041306185;B
20240405;101157;578;1;10041306217;S
20240405;101157;578.05;5;10041306265;B
20240405;101158;578;1;10041306394;S
20240405;101200;578.05;2;10041306570;B
20240405;101202;578;2;10041306986;S
20240405;101202;578;2;10041306987;S
20240405;101203;578;2;10041307027;S
20240405;101204;578.05;1;10041307122;B
20240405;101204;578;3;10041307164;S
20240405;101204;578;1000;10041307181;S
20240405;101204;578.05;1;10041307213;B
20240405;101205;578.05;250;10041307296;B
20240405;101206;578;3;10041307469;S
20240405;101207;578.05;8;10041307686;B
20240405;101207;578;50;10041307735;S
20240405;101208;578;1;10041307790;S
20240405;101210;578.05;1;10041308095;B
20240405;101212;578.05;345;10041308328;B
20240405;101212;578.05;1;10041308329;B
20240405;101212;578.05;144;10041308330;B
20240405;101212;578.05;36;10041308331;B
20240405;101213;578;1;10041308404;S
20240405;101215;578;9;10041308735;S
20240405;101217;578;24;10041308922;S
20240405;101218;578;180;10041309029;S
20240405;101218;578;5;10041309070;S
20240405;101223;578;18;10041309635;S
20240405;101224;578;44;10041309733;S
20240405;101227;578;58;10041310116;S
20240405;101227;578;10;10041310117;S
20240405;101227;578;2;10041310118;S
20240405;101227;578;4;10041310119;S
20240405;101227;578;31;10041310120;S
20240405;101227;578.05;29;10041310135;B
20240405;101227;578.05;89;10041310152;B
20240405;101227;578.05;144;10041310153;B
20240405;101230;578.05;47;10041310587;S
20240405;101230;578;253;10041310588;S
20240405;101231;578;1;10041310613;S
20240405;101231;578.1;80;10041310623;B
20240405;101234;578.1;18;10041310979;B
20240405;101236;578;46;10041311306;S
20240405;101236;578.1;1;10041311311;B
20240405;101240;578;669;10041311740;S
20240405;101240;578;12;10041311741;S
20240405;101240;578;50;10041311742;S
20240405;101240;578;2;10041311743;S
20240405;101240;578;2;10041311899;B
20240405;101240;578;5;10041311914;B
20240405;101241;577.95;1;10041311935;S
20240405;101242;578;1;10041312172;B
20240405;101243;577.95;5;10041312299;S
20240405;101244;578;7;10041312317;B
20240405;101244;578;1;10041312370;B
20240405;101245;577.95;16;10041312465;S
20240405;101245;577.95;2;10041312557;S
20240405;101245;578;1;10041312580;B
20240405;101246;577.95;4;10041312620;S
20240405;101246;578;21;10041312627;B
20240405;101246;577.95;5;10041312689;S
20240405;101247;577.95;2;10041312697;S
20240405;101247;577.95;3;10041312854;S
20240405;101247;577.95;1;10041312865;S
20240405;101251;578;1;10041313279;B
20240405;101251;578;1;10041313298;B
20240405;101252;578;300;10041313442;B
20240405;101254;578;1;10041313681;B
20240405;101255;578;1;10041313734;B
20240405;101257;578;5;10041314071;B
20240405;101258;578;33;10041314228;B
20240405;101259;578;2;10041314262;B
20240405;101259;578;15;10041314292;B
20240405;101259;578;1;10041314380;B
20240405;101300;578;75;10041314395;B
20240405;101300;578;1;10041314463;B
20240405;101301;578;50;10041314611;B
20240405;101302;577.95;44;10041314794;S
20240405;101303;578;2;10041314873;B
20240405;101303;577.95;1;10041314880;S
20240405;101304;578;300;10041315062;B
20240405;101305;578;300;10041315227;B
20240405;101305;578;141;10041315228;B
20240405;101305;578;150;10041315229;B
20240405;101305;578;9;10041315230;B
20240405;101305;578;4;10041315237;B
20240405;101305;578;3;10041315238;B
20240405;101305;578;2;10041315239;B
20240405;101308;578.1;20;10041315545;B
20240405;101311;578.1;2;10041315768;B
20240405;101312;578.05;1;10041315884;S
20240405;101312;578.1;30;10041315891;B
20240405;101312;578.05;17;10041315938;S
20240405;101312;578.1;1;10041315974;B
20240405;101312;578.1;41;10041315994;B
20240405;101314;578.1;1;10041316206;B
20240405;101315;578.05;5;10041316266;S
20240405;101316;578.05;53;10041316319;S
20240405;101316;578.05;200;10041316365;S
20240405;101318;578.1;5;10041316599;B
20240405;101318;578.05;2;10041316621;S
20240405;101319;578.1;60;10041316848;B
20240405;101319;578.1;1;10041316852;B
20240405;101320;578.05;13;10041316879;S
20240405;101320;578.05;4;10041316880;S
20240405;101320;578.1;1;10041316895;B
20240405;101320;578.1;5;10041316933;B
20240405;101322;578.05;5;10041317119;S
20240405;101323;578.1;24;10041317179;B
20240405;101323;578.1;10;10041317202;B
20240405;101323;578.1;1;10041317218;B
20240405;101324;578.1;29;10041317402;B
20240405;101326;578.1;5;10041317669;B
20240405;101327;578.05;100;10041317713;S
20240405;101327;578.05;3;10041317764;S
20240405;101328;578.1;1;10041317837;B
20240405;101329;578.05;3;10041317978;S
20240405;101330;578.1;1;10041318203;B
20240405;101332;578.1;133;10041318329;B
20240405;101332;578.1;67;10041318330;B
20240405;101334;578.1;10;10041318585;B
20240405;101334;578.1;1;10041318609;B
20240405;101335;578.05;20;10041318742;S
20240405;101336;578.05;274;10041318803;S
20240405;101336;578.05;159;10041318804;S
20240405;101336;578.05;144;10041318805;S
20240405;101336;578;346;10041318806;S
20240405;101336;578;5;10041318807;S
20240405;101336;578;1;10041318808;S
20240405;101336;578;20;10041318809;S
20240405;101336;578;25;10041318810;S
20240405;101336;578;100;10041318811;S
20240405;101336;578;173;10041318812;S
20240405;101336;578;5;10041318813;S
20240405;101336;578;3;10041318814;S
20240405;101336;578;25;10041318815;S
20240405;101336;578;10;10041318816;S
20240405;101336;578;389;10041318817;S
20240405;101336;578;80;10041318818;S
20240405;101336;578;1741;10041318819;S
20240405;101337;578.05;1;10041318902;S
20240405;101338;578.1;1;10041319045;B
20240405;101339;578.05;3;10041319107;S
20240405;101339;578.1;421;10041319136;B
20240405;101339;578.1;1;10041319137;B
20240405;101339;578.1;7;10041319138;B
20240405;101339;578.1;561;10041319139;B
20240405;101345;578.15;1;10041319882;B
20240405;101347;578.15;33;10041320051;B
20240405;101348;578.05;20;10041320138;S
20240405;101349;578.1;19;10041320400;S
20240405;101351;578.1;80;10041320759;S
20240405;101353;578.1;100;10041320943;S
20240405;101354;578.15;1;10041321007;B
20240405;101354;578.15;3;10041321055;B
20240405;101356;578.15;154;10041321222;B
20240405;101356;578.15;2685;10041321223;B
20240405;101356;578.15;144;10041321224;B
20240405;101400;578.15;2;10041321771;S
20240405;101400;578.1;96;10041321772;S
20240405;101402;578.2;3;10041321960;B
20240405;101402;578.15;173;10041322051;S
20240405;101404;578.1;30;10041322223;S
20240405;101407;578.15;5;10041322737;B
20240405;101411;578.1;5;10041323261;S
20240405;101411;578.1;395;10041323262;S
20240405;101412;578.15;72;10041323423;B
20240405;101412;578.15;78;10041323424;B
20240405;101413;578.15;10;10041323589;B
20240405;101414;578.15;56;10041323612;B
20240405;101414;578.2;44;10041323613;B
20240405;101414;578.1;105;10041323762;S
20240405;101414;578.1;145;10041323763;S
20240405;101416;578.2;56;10041323961;B
20240405;101416;578.2;39;10041323962;B
20240405;101416;578.2;144;10041323963;B
20240405;101416;578.2;155;10041323964;B
20240405;101417;578.25;9;10041324065;B
20240405;101418;578.25;4;10041324233;B
20240405;101419;578.25;1;10041324319;B
20240405;101420;578.2;70;10041324472;S
20240405;101420;578.25;8;10041324474;B
20240405;101420;578.25;5;10041324475;B
20240405;101423;578.3;1;10041324797;B
20240405;101423;578.3;1;10041324921;B
20240405;101424;578.35;1;10041325049;B
20240405;101425;578.35;13;10041325137;B
20240405;101425;578.35;50;10041325138;B
20240405;101425;578.35;26;10041325139;B
20240405;101427;578.3;2;10041325459;S
20240405;101427;578.35;3;10041325502;B
20240405;101430;578.3;3;10041326216;S
20240405;101432;578.4;1;10041326504;B
20240405;101440;578.3;2;10041327385;S
20240405;101441;578.3;9;10041327634;S
20240405;101441;578.3;152;10041327635;S
20240405;101441;578.3;20;10041327636;S
20240405;101441;578.3;1;10041327637;S
20240405;101441;578.3;173;10041327638;S
20240405;101441;578.25;45;10041327639;S
20240405;101442;578.25;1;10041327826;S
20240405;101443;578.25;57;10041327970;S
20240405;101444;578.3;10;10041328102;B
20240405;101445;578.3;1;10041328292;B
20240405;101446;578.3;21;10041328338;B
20240405;101447;578.3;5;10041328531;B
20240405;101449;578.25;22;10041328763;S
20240405;101449;578.3;1;10041328778;B
20240405;101450;578.3;116;10041328912;B
20240405;101450;578.3;173;10041328913;B
20240405;101450;578.3;151;10041328914;B
20240405;101450;578.3;60;10041328915;B
20240405;101451;578.3;2;10041329094;B
20240405;101451;578.25;1;10041329153;S
20240405;101452;578.25;25;10041329196;S
20240405;101452;578.3;1;10041329250;B
20240405;101452;578.3;1;10041329319;B
20240405;101454;578.25;80;10041329457;S
20240405;101454;578.3;1;10041329491;B
20240405;101454;578.3;1;10041329528;B
20240405;101455;578.25;269;10041329599;S
20240405;101455;578.25;1;10041329600;S
20240405;101456;578.25;1;10041329675;B
20240405;101458;578.25;3;10041330153;B
20240405;101458;578.2;36;10041330154;S
20240405;101458;578.2;1;10041330155;S
20240405;101459;578.1;2;10041330307;S
20240405;101500;578.15;5;10041330358;B
20240405;101500;578.1;1;10041330359;S
20240405;101500;578.15;170;10041330366;B
20240405;101502;578.1;2;10041330996;S
20240405;101502;578.1;20;10041330997;S
20240405;101502;578.1;10;10041330998;S
20240405;101502;578.1;2;10041330999;S
20240405;101502;578.1;4;10041331000;S
20240405;101502;578.05;5;10041331001;S
20240405;101502;578.05;357;10041331002;S
20240405;101503;578.1;70;10041331356;B
20240405;101504;578.1;1;10041331460;B
20240405;101505;578.05;1;10041331735;S
20240405;101505;578.05;142;10041331969;S
20240405;101505;578.05;1;10041331970;S
20240405;101505;578.05;1;10041331971;S
20240405;101505;578.05;3;10041331972;S
20240405;101505;578.05;4;10041331973;S
20240405;101505;578.05;130;10041331974;S
20240405;101505;578.05;120;10041331975;S
20240405;101505;578;332;10041331976;S
20240405;101505;578;10;10041331977;S
20240405;101505;578;15;10041331978;S
20240405;101505;578;20;10041331979;S
20240405;101505;578;1;10041331980;S
20240405;101505;578;5;10041331981;S
20240405;101505;578;10;10041331982;S
20240405;101505;578;1;10041331983;S
20240405;101505;578;4;10041331984;S
20240405;101505;578;5;10041331985;S
20240405;101505;578;36;10041331986;S
20240405;101505;578;1;10041331987;S
20240405;101505;577.95;1773;10041331988;S
20240405;101505;577.95;1;10041331989;S
20240405;101505;577.95;1;10041331990;S
20240405;101505;577.95;2;10041331991;S
20240405;101505;577.95;2000;10041331992;S
20240405;101505;577.95;382;10041331993;S
20240405;101505;578;82;10041331994;B
20240405;101505;577.95;98;10041331995;S
20240405;101505;577.95;10;10041331996;S
20240405;101505;577.95;3;10041331997;S
20240405;101505;577.95;30;10041331998;S
20240405;101505;577.95;10;10041331999;S
20240405;101505;577.95;2;10041332000;S
20240405;101505;577.95;1;10041332001;S
20240405;101505;577.95;5;10041332002;S
20240405;101505;577.95;2;10041332003;S
20240405;101505;577.95;100;10041332004;S
20240405;101505;577.95;100;10041332005;S
20240405;101505;577.95;2;10041332006;S
20240405;101505;577.95;4;10041332007;S
20240405;101505;577.95;1005;10041332008;S
20240405;101505;577.95;3;10041332009;S
20240405;101505;577.95;27;10041332010;S
20240405;101505;577.95;3;10041332011;S
20240405;101505;577.95;1;10041332012;S
20240405;101505;577.95;1073;10041332013;S
20240405;101505;577.95;782;10041332014;S
20240405;101505;577.95;1406;10041332015;S
20240405;101505;577.95;1406;10041332016;S
20240405;101505;577.95;561;10041332017;S
20240405;101505;578;8;10041332019;B
20240405;101505;577.95;1;10041332022;S
20240405;101505;577.95;4;10041332023;S
20240405;101505;577.95;1;10041332024;S
20240405;101505;577.95;1;10041332034;S
20240405;101505;577.95;1;10041332035;S
20240405;101505;577.95;4;10041332036;S
20240405;101506;577.95;2;10041332048;S
20240405;101506;578;12;10041332088;B
20240405;101506;577.95;1;10041332114;S
20240405;101506;578;2;10041332181;B
20240405;101506;577.95;1;10041332235;S
20240405;101506;577.95;3;10041332273;S
20240405;101506;577.95;3;10041332274;S
20240405;101506;577.95;9;10041332275;S
20240405;101506;577.95;1;10041332291;S
20240405;101506;578;11;10041332294;B
20240405;101506;577.95;2;10041332309;S
20240405;101506;577.95;1;10041332321;S
20240405;101506;577.95;1;10041332324;S
20240405;101506;577.95;1;10041332325;S
20240405;101506;577.95;1;10041332326;S
20240405;101506;577.95;1;10041332327;S
20240405;101507;577.95;1;10041332450;S
20240405;101507;577.95;1;10041332451;S
20240405;101507;577.95;2;10041332452;S
20240405;101507;577.95;3;10041332545;S
20240405;101507;577.95;2;10041332546;S
20240405;101507;577.95;9;10041332547;S
20240405;101507;577.95;4;10041332550;S
20240405;101507;577.95;2;10041332571;S
20240405;101507;577.95;1;10041332572;S
20240405;101507;577.95;3;10041332573;S
20240405;101507;577.95;2;10041332581;S
20240405;101507;577.95;2;10041332582;S
20240405;101507;577.95;10;10041332583;S
20240405;101507;577.95;3;10041332604;S
20240405;101508;578;3;10041332736;B
20240405;101508;577.95;1;10041332737;S
20240405;101508;577.95;2;10041332738;S
20240405;101508;577.95;1;10041332739;S
20240405;101508;577.95;1;10041332748;S
20240405;101508;577.95;2;10041332781;S
20240405;101508;577.95;1;10041332782;S
20240405;101508;577.95;4;10041332783;S
20240405;101508;577.95;2;10041332802;S
20240405;101508;577.95;2;10041332803;S
20240405;101508;577.95;11;10041332804;S
20240405;101508;578;10;10041332805;B
20240405;101508;577.95;4;10041332878;S
20240405;101508;577.95;3;10041332879;S
20240405;101508;577.95;13;10041332880;S
20240405;101508;577.95;1;10041332886;S
20240405;101508;577.95;1;10041332909;S
20240405;101508;577.95;1;10041332910;S
20240405;101508;577.95;2;10041332911;S
20240405;101508;577.95;2;10041332932;S
20240405;101508;577.95;2;10041332933;S
20240405;101508;577.95;7;10041332934;S
20240405;101508;577.95;1;10041332958;S
20240405;101509;577.95;1;10041332980;S
20240405;101509;577.95;3;10041332981;S
20240405;101509;577.95;1;10041333014;S
20240405;101509;577.95;17;10041333030;S
20240405;101509;577.95;7;10041333031;S
20240405;101509;577.95;1;10041333032;S
20240405;101509;577.95;2;10041333033;S
20240405;101509;577.95;270;10041333036;S
20240405;101509;577.95;1;10041333037;S
20240405;101509;577.95;2;10041333038;S
20240405;101509;577.95;1;10041333068;S
20240405;101509;577.95;1;10041333077;S
20240405;101509;577.95;1;10041333078;S
20240405;101509;577.95;1;10041333101;S
20240405;101509;577.95;7;10041333148;S
20240405;101509;577.95;25;10041333149;S
20240405;101509;577.95;6;10041333150;S
20240405;101509;577.95;4;10041333153;S
20240405;101509;577.95;1;10041333154;S
20240405;101509;577.95;1;10041333155;S
20240405;101509;577.95;1;10041333156;S
20240405;101509;577.95;2;10041333159;S
20240405;101509;577.95;1;10041333160;S
20240405;101509;577.95;1;10041333162;S
20240405;101509;577.95;5;10041333163;S
20240405;101509;577.95;1;10041333164;S
20240405;101509;577.95;6;10041333199;S
20240405;101509;577.95;4;10041333200;S
20240405;101509;577.95;20;10041333201;S
20240405;101509;577.95;4;10041333205;S
20240405;101509;577.95;1;10041333206;S
20240405;101509;577.95;2;10041333252;S
20240405;101509;577.95;2;10041333253;S
20240405;101509;577.95;1;10041333254;S
20240405;101509;577.95;6;10041333255;S
20240405;101509;577.95;1;10041333269;S
20240405;101509;577.95;2;10041333270;S
20240405;101510;577.95;2;10041333281;S
20240405;101510;577.95;1;10041333282;S
20240405;101510;577.95;1;10041333283;S
20240405;101510;577.95;2;10041333284;S
20240405;101510;577.95;2;10041333397;S
20240405;101510;577.95;1;10041333497;S
20240405;101510;577.95;1;10041333498;S
20240405;101510;577.95;1;10041333499;S
20240405;101510;577.95;2;10041333591;S
20240405;101510;577.95;2;10041333592;S
20240405;101510;577.95;12;10041333593;S
20240405;101510;577.95;2;10041333812;S
20240405;101510;577.95;5;10041333813;S
20240405;101510;577.95;1;10041333814;S
20240405;101511;577.95;1;10041333912;S
20240405;101511;577.95;2;10041333913;S
20240405;101511;577.95;2;10041333914;S
20240405;101511;577.95;10;10041333915;S
20240405;101511;578;50;10041333941;B
20240405;101511;577.95;1;10041334023;S
20240405;101511;577.95;1;10041334024;S
20240405;101511;577.95;4;10041334025;S
20240405;101511;577.95;3;10041334047;S
20240405;101511;577.95;2;10041334048;S
20240405;101511;577.95;16;10041334049;S
20240405;101511;577.95;1;10041334082;S
20240405;101511;577.95;1;10041334083;S
20240405;101511;577.95;4;10041334084;S
20240405;101512;577.95;5;10041334128;S
20240405;101512;578;1;10041334139;B
20240405;101512;577.95;1;10041334141;S
20240405;101512;577.95;2;10041334149;S
20240405;101512;577.95;8;10041334150;S
20240405;101512;577.95;1;10041334151;S
20240405;101512;578;3;10041334201;B
20240405;101512;577.95;3;10041334202;S
20240405;101512;577.95;4;10041334203;S
20240405;101512;577.95;15;10041334204;S
20240405;101512;577.95;1;10041334222;S
20240405;101512;577.95;1;10041334223;S
20240405;101512;577.95;4;10041334224;S
20240405;101512;577.95;1;10041334232;S
20240405;101512;577.95;1;10041334242;S
20240405;101512;577.95;2;10041334243;S
20240405;101512;577.95;5;10041334244;S
20240405;101512;577.95;1;10041334245;S
20240405;101512;577.95;2;10041334246;S
20240405;101512;578;1;10041334249;B
20240405;101512;577.95;2;10041334273;S
20240405;101512;577.95;2;10041334313;S
