<DATE>;<TIME>;<LAST>;<VOL>;<ID>;<OPER>
20240214;095932;593.750000000;3;9595797425;B
20240214;095932;593.750000000;9;9595797426;S
20240214;095932;593.750000000;1;9595797427;S
20240214;095932;593.750000000;82;9595797428;S
20240214;095932;593.750000000;17;9595797429;S
20240214;095932;593.750000000;6;9595797430;S
20240214;095932;593.750000000;2;9595797431;S
20240214;095932;593.750000000;3;9595797432;S
20240214;095932;593.750000000;2;9595797433;S
20240214;095932;593.750000000;18;9595797434;S
20240214;095932;593.750000000;3;9595797435;S
20240214;095932;593.750000000;1;9595797436;S
20240214;095932;593.750000000;3;9595797437;S
20240214;095932;593.750000000;1;9595797438;S
20240214;095932;593.750000000;3;9595797439;S
20240214;095932;593.750000000;2;9595797440;S
20240214;095932;593.750000000;3;9595797441;S
20240214;095932;593.750000000;2;9595797442;S
20240214;095932;593.750000000;13;9595797443;S
20240214;095932;593.750000000;3;9595797444;B
20240214;095932;593.750000000;3;9595797445;B
20240214;095932;593.750000000;3;9595797446;S
20240214;095932;593.750000000;1;9595797447;S
20240214;095932;593.750000000;2;9595797448;S
20240214;095932;593.750000000;4;9595797449;S
20240214;095932;593.750000000;2;9595797450;S
20240214;095932;593.750000000;1;9595797451;S
20240214;095932;593.750000000;3;9595797452;S
20240214;095932;593.750000000;2;9595797453;B
20240214;095932;593.750000000;2;9595797454;B
20240214;095932;593.750000000;1;9595797455;B
20240214;095932;593.750000000;1;9595797456;B
20240214;095932;593.750000000;2;9595797457;B
20240214;095932;593.750000000;5;9595797458;B
20240214;095932;593.750000000;2;9595797459;B
20240214;095932;593.750000000;2;9595797460;B
20240214;095932;593.750000000;5;9595797461;B
20240214;095932;593.750000000;1;9595797462;B
20240214;095932;593.750000000;1;9595797463;B
20240214;095932;593.750000000;1;9595797464;B
20240214;095932;593.750000000;1;9595797465;B
20240214;095932;593.750000000;1;9595797466;B
20240214;095932;593.750000000;2;9595797467;B
20240214;095932;593.750000000;1;9595797468;B
20240214;095932;593.750000000;1;9595797469;B
20240214;095932;593.750000000;1;9595797470;B
20240214;095932;593.750000000;1;9595797471;S
20240214;095932;593.750000000;2;9595797472;S
20240214;095932;593.750000000;2;9595797473;S
20240214;095932;593.750000000;1;9595797474;S
20240214;095932;593.750000000;2;9595797475;S
20240214;095932;593.750000000;1;9595797476;S
20240214;095932;593.750000000;1;9595797477;S
20240214;095932;593.750000000;1;9595797478;S
20240214;095932;593.750000000;2;9595797479;S
20240214;095932;593.750000000;1;9595797480;S
20240214;095932;593.750000000;2;9595797481;S
20240214;095932;593.750000000;5;9595797482;S
20240214;095932;593.750000000;1;9595797483;S
20240214;095932;593.750000000;4;9595797484;S
20240214;095932;593.750000000;2;9595797485;S
20240214;095932;593.750000000;1;9595797486;S
20240214;095932;593.750000000;1;9595797487;S
20240214;095932;593.750000000;3;9595797488;S
20240214;095932;593.750000000;3;9595797489;S
20240214;095932;593.750000000;2;9595797490;S
20240214;095932;593.750000000;5;9595797491;S
20240214;095932;593.750000000;2;9595797492;S
20240214;095932;593.750000000;1;9595797493;S
20240214;095932;593.750000000;4;9595797494;S
20240214;095932;593.750000000;3;9595797495;S
20240214;095932;593.750000000;5;9595797496;S
20240214;095932;593.750000000;7;9595797497;S
20240214;095932;593.750000000;4;9595797498;S
20240214;095932;593.750000000;37;9595797499;S
20240214;095932;593.750000000;3;9595797500;S
20240214;095932;593.750000000;1;9595797501;S
20240214;095932;593.750000000;11;9595797502;S
20240214;095932;593.750000000;1;9595797503;S
20240214;095932;593.750000000;500;9595797504;S
20240214;095932;593.750000000;1;9595797505;S
20240214;095932;593.750000000;1;9595797506;S
20240214;095932;593.750000000;2;9595797507;S
20240214;095932;593.750000000;1;9595797508;S
20240214;095932;593.750000000;1;9595797509;S
20240214;095932;593.750000000;300;9595797510;S
20240214;095932;593.750000000;50;9595797511;S
20240214;095932;593.750000000;2;9595797512;S
20240214;095932;593.750000000;1;9595797513;S
20240214;095932;593.750000000;1;9595797514;S
20240214;095932;593.750000000;2;9595797515;S
20240214;095932;593.750000000;6;9595797516;S
20240214;095932;593.750000000;3;9595797517;S
20240214;095932;593.750000000;1;9595797518;S
20240214;095932;593.750000000;7;9595797519;S
20240214;095932;593.750000000;1;9595797520;S
20240214;095932;593.750000000;15;9595797521;S
20240214;095932;593.750000000;9;9595797522;S
20240214;095932;593.750000000;9;9595797523;S
20240214;095932;593.750000000;2;9595797524;S
20240214;095932;593.750000000;10;9595797525;S
20240214;095932;593.750000000;2;9595797526;B
20240214;095932;593.750000000;2;9595797527;S
20240214;095932;593.750000000;2;9595797528;S
20240214;095932;593.750000000;10;9595797529;B
20240214;095932;593.750000000;2;9595797530;B
20240214;095932;593.750000000;17;9595797531;S
20240214;095932;593.750000000;50;9595797532;S
20240214;095932;593.750000000;2;9595797533;S
20240214;095932;593.750000000;2;9595797534;S
20240214;095932;593.750000000;10;9595797535;S
20240214;095932;593.750000000;3;9595797536;B
20240214;095932;593.750000000;2;9595797537;S
20240214;095932;593.750000000;1;9595797538;S
20240214;095932;593.750000000;1;9595797539;S
20240214;095932;593.750000000;1;9595797540;S
20240214;095932;593.750000000;1;9595797541;S
20240214;095932;593.750000000;617;9595797542;S
20240214;095932;593.750000000;10;9595797543;S
20240214;095932;593.750000000;1;9595797544;S
20240214;095932;593.750000000;1;9595797545;S
20240214;095932;593.750000000;6;9595797546;S
20240214;095932;593.750000000;11;9595797547;S
20240214;095932;593.750000000;1;9595797548;S
20240214;095932;593.750000000;1;9595797549;B
20240214;095932;593.750000000;73;9595797550;B
20240214;095932;593.750000000;4;9595797551;B
20240214;095932;593.750000000;4;9595797552;B
20240214;095932;593.750000000;3;9595797553;B
20240214;095932;593.750000000;4;9595797554;B
20240214;095932;593.750000000;37;9595797555;B
20240214;095932;593.750000000;6;9595797556;B
20240214;095932;593.750000000;60;9595797557;B
20240214;095932;593.750000000;1;9595797558;B
20240214;095932;593.750000000;1;9595797559;B
20240214;095932;593.750000000;20;9595797560;B
20240214;095932;593.750000000;1;9595797561;B
20240214;095932;593.750000000;1;9595797562;B
20240214;095932;593.750000000;4;9595797563;B
20240214;095932;593.750000000;3;9595797564;B
20240214;095932;593.750000000;10;9595797565;B
20240214;095932;593.750000000;1;9595797566;B
20240214;095932;593.750000000;1;9595797567;B
20240214;095932;593.750000000;1;9595797568;B
20240214;095932;593.750000000;1;9595797569;B
20240214;095932;593.750000000;1;9595797570;B
20240214;095932;593.750000000;3;9595797571;B
20240214;095932;593.750000000;10;9595797572;B
20240214;095932;593.750000000;102;9595797573;B
20240214;095932;593.750000000;148;9595797574;B
20240214;095932;593.750000000;1;9595797575;B
20240214;095932;593.750000000;1;9595797576;B
20240214;095932;593.750000000;2;9595797577;B
20240214;095932;593.750000000;2;9595797578;B
20240214;095932;593.750000000;1;9595797579;S
20240214;095932;593.750000000;2;9595797580;B
20240214;095932;593.750000000;2;9595797581;B
20240214;095932;593.750000000;1;9595797582;B
20240214;095932;593.750000000;1;9595797583;B
20240214;095932;593.750000000;1;9595797584;B
20240214;095932;593.750000000;1;9595797585;B
20240214;095932;593.750000000;2;9595797586;B
20240214;095932;593.750000000;1;9595797587;B
20240214;095932;593.750000000;1;9595797588;B
20240214;095932;593.750000000;2;9595797589;B
20240214;095932;593.750000000;2;9595797590;B
20240214;095932;593.750000000;1;9595797591;B
20240214;095932;593.750000000;1;9595797592;S
20240214;095932;593.750000000;10;9595797593;S
20240214;095932;593.750000000;100;9595797594;S
20240214;095932;593.750000000;2;9595797595;B
20240214;095932;593.750000000;2;9595797596;S
20240214;095932;593.750000000;167;9595797597;S
20240214;095932;593.750000000;2;9595797598;S
20240214;095932;593.750000000;300;9595797599;S
20240214;095932;593.750000000;2;9595797600;S
20240214;095932;593.750000000;1;9595797601;S
20240214;095932;593.750000000;28;9595797602;S
20240214;095932;593.750000000;1;9595797603;B
20240214;095932;593.750000000;21;9595797604;B
20240214;095932;593.750000000;3;9595797605;B
20240214;095932;593.750000000;8;9595797606;B
20240214;095932;593.750000000;1;9595797607;B
20240214;095932;593.750000000;1;9595797608;B
20240214;095932;593.750000000;35;9595797609;B
20240214;095932;593.750000000;4;9595797610;B
20240214;095932;593.750000000;5;9595797611;B
20240214;095932;593.750000000;1;9595797612;B
20240214;095932;593.750000000;20;9595797613;B
20240214;095932;593.750000000;35;9595797614;B
20240214;095932;593.750000000;40;9595797615;B
20240214;095932;593.750000000;251;9595797616;B
20240214;095932;593.750000000;6;9595797617;S
20240214;095932;593.750000000;3;9595797618;S
20240214;095932;593.750000000;3;9595797619;S
20240214;095932;593.750000000;3;9595797620;S
20240214;095932;593.750000000;11;9595797621;S
20240214;095932;593.750000000;3;9595797622;S
20240214;095932;593.750000000;10;9595797623;S
20240214;095932;593.750000000;3;9595797624;S
20240214;095932;593.750000000;3;9595797625;S
20240214;095932;593.750000000;1;9595797626;S
20240214;095932;593.750000000;1;9595797627;S
20240214;095932;593.750000000;1;9595797628;S
20240214;095932;593.750000000;3;9595797629;S
20240214;095932;593.750000000;3;9595797630;S
20240214;095932;593.750000000;3;9595797631;S
20240214;095932;593.750000000;71;9595797632;S
20240214;095932;593.750000000;15;9595797633;B
20240214;095932;593.750000000;256;9595797634;S
20240214;095932;593.750000000;100;9595797635;S
20240214;095932;593.750000000;1;9595797636;B
20240214;095932;593.750000000;39;9595797637;B
20240214;095932;593.750000000;1;9595797638;S
20240214;095932;593.750000000;1;9595797639;S
20240214;095932;593.750000000;4;9595797640;S
20240214;095932;593.750000000;3;9595797641;S
20240214;095932;593.750000000;3;9595797642;S
20240214;095932;593.750000000;3;9595797643;S
20240214;095932;593.750000000;2;9595797644;S
20240214;095932;593.750000000;7;9595797645;S
20240214;095932;593.750000000;2;9595797646;S
20240214;095932;593.750000000;1;9595797647;S
20240214;095932;593.750000000;33;9595797648;S
20240214;095932;593.750000000;1;9595797649;S
20240214;095932;593.750000000;3;9595797650;S
20240214;095932;593.750000000;14;9595797651;S
20240214;095932;593.750000000;1;9595797652;S
20240214;095932;593.750000000;1;9595797653;S
20240214;095932;593.750000000;10;9595797654;S
20240214;095932;593.750000000;2;9595797655;S
20240214;095932;593.750000000;1;9595797656;S
20240214;095932;593.750000000;3;9595797657;S
20240214;095932;593.750000000;15;9595797658;S
20240214;095932;593.750000000;400;9595797659;S
20240214;095932;593.750000000;3;9595797660;S
20240214;095932;593.750000000;1;9595797661;S
20240214;095932;593.750000000;2;9595797662;S
20240214;095932;593.750000000;50;9595797663;S
20240214;095932;593.750000000;2;9595797664;S
20240214;095932;593.750000000;35;9595797665;S
20240214;095932;593.750000000;43;9595797666;S
20240214;095932;593.750000000;1;9595797667;S
20240214;095932;593.750000000;60;9595797668;S
20240214;095932;593.750000000;1;9595797669;S
20240214;095932;593.750000000;1;9595797670;S
20240214;095932;593.750000000;3;9595797671;S
20240214;095932;593.750000000;2;9595797672;S
20240214;095932;593.750000000;3;9595797673;S
20240214;095932;593.750000000;2;9595797674;S
20240214;095932;593.750000000;1;9595797675;S
20240214;095932;593.750000000;2;9595797676;S
20240214;095932;593.750000000;1;9595797677;S
20240214;095932;593.750000000;9;9595797678;S
20240214;095932;593.750000000;10;9595797679;S
20240214;095932;593.750000000;7;9595797680;S
20240214;095932;593.750000000;1;9595797681;S
20240214;095932;593.750000000;8;9595797682;S
20240214;095932;593.750000000;4;9595797683;S
20240214;095932;593.750000000;4;9595797684;S
20240214;095932;593.750000000;16;9595797685;S
20240214;095932;593.750000000;1;9595797686;S
20240214;095932;593.750000000;1;9595797687;S
20240214;095932;593.750000000;2;9595797688;S
20240214;095932;593.750000000;500;9595797689;S
20240214;095932;593.750000000;4;9595797690;S
20240214;095932;593.750000000;25;9595797691;S
20240214;095932;593.750000000;40;9595797692;S
20240214;095932;593.750000000;8;9595797693;S
20240214;095932;593.750000000;10;9595797694;S
20240214;095932;593.750000000;12;9595797695;S
20240214;095932;593.750000000;2;9595797696;S
20240214;100000;593.750000000;135;9595807677;B
20240214;100000;593.750000000;273;9595807678;B
20240214;100000;593.750000000;1856;9595807750;B
20240214;100000;593.750000000;1;9595807771;B
20240214;100000;593.750000000;1;9595807846;B
20240214;100000;593.750000000;6;9595808225;B
20240214;100001;593.750000000;74;9595808427;B
20240214;100001;593.700000000;1;9595808718;S
20240214;100001;593.750000000;10;9595808736;B
20240214;100001;593.700000000;5;9595808967;S
20240214;100001;593.750000000;240;9595809017;B
20240214;100001;593.700000000;4;9595809096;S
20240214;100001;593.700000000;12;9595809165;S
20240214;100001;593.750000000;100;9595809173;B
20240214;100001;593.700000000;1;9595809274;S
20240214;100001;593.750000000;1180;9595809279;B
20240214;100001;593.750000000;340;9595809280;B
20240214;100001;593.750000000;1;9595809281;B
20240214;100001;593.750000000;1;9595809282;B
20240214;100001;593.750000000;8;9595809283;B
20240214;100001;593.750000000;1;9595809284;B
20240214;100001;593.750000000;2;9595809285;B
20240214;100001;593.750000000;20;9595809286;B
20240214;100001;593.750000000;2;9595809287;B
20240214;100001;593.750000000;18;9595809288;B
20240214;100001;593.750000000;1;9595809359;S
20240214;100001;593.750000000;133;9595809460;S
20240214;100001;593.700000000;391;9595809461;S
20240214;100001;593.700000000;134;9595809462;S
20240214;100001;593.700000000;342;9595809463;S
20240214;100001;593.800000000;1;9595809488;B
20240214;100001;593.800000000;3;9595809489;B
20240214;100001;593.800000000;410;9595809490;B
20240214;100001;593.750000000;1;9595809521;S
20240214;100001;593.800000000;90;9595809654;B
20240214;100001;593.800000000;324;9595809655;B
20240214;100002;593.800000000;17;9595809721;B
20240214;100002;593.750000000;1;9595809747;S
20240214;100002;593.750000000;168;9595809844;S
20240214;100002;593.750000000;44;9595809940;S
20240214;100002;593.750000000;201;9595809996;S
20240214;100002;593.700000000;54;9595809997;S
20240214;100002;593.600000000;45;9595809998;S
20240214;100002;593.800000000;159;9595810002;B
20240214;100002;593.800000000;255;9595810003;B
20240214;100002;593.700000000;10;9595810266;S
20240214;100002;593.800000000;200;9595810274;B
20240214;100002;593.700000000;1;9595810313;S
20240214;100002;593.800000000;30;9595810468;B
20240214;100002;593.800000000;15;9595810494;B
20240214;100002;593.800000000;20;9595810495;B
20240214;100002;593.800000000;2;9595810496;B
20240214;100002;593.850000000;20;9595810497;B
20240214;100002;593.850000000;1;9595810498;B
20240214;100002;593.850000000;20;9595810499;B
20240214;100002;593.850000000;57;9595810500;B
20240214;100002;593.750000000;11;9595810572;B
20240214;100002;593.750000000;1;9595810652;S
20240214;100002;593.850000000;2;9595810659;B
20240214;100002;593.850000000;1500;9595810788;B
20240214;100002;593.900000000;2;9595810789;B
20240214;100002;593.900000000;498;9595810790;B
20240214;100003;593.900000000;1;9595810798;B
20240214;100003;593.900000000;1;9595810800;B
20240214;100003;593.900000000;49;9595810801;B
20240214;100003;593.900000000;200;9595810805;B
20240214;100003;593.900000000;200;9595810958;B
20240214;100003;593.700000000;5;9595810978;S
20240214;100003;593.800000000;250;9595811083;S
20240214;100003;593.800000000;1;9595811327;B
20240214;100003;593.850000000;39;9595811328;B
20240214;100003;593.700000000;24;9595811507;S
20240214;100003;593.700000000;100;9595811508;B
20240214;100003;593.700000000;66;9595811625;B
20240214;100003;593.850000000;13;9595811626;B
20240214;100003;593.900000000;1;9595811627;B
20240214;100003;593.900000000;15;9595811629;B
20240214;100004;593.850000000;1;9595811811;B
20240214;100004;593.900000000;26;9595811812;B
20240214;100004;593.900000000;5;9595811816;B
20240214;100004;593.900000000;9;9595811817;B
20240214;100004;593.900000000;500;9595811823;B
20240214;100004;593.650000000;1;9595812715;S
20240214;100005;593.650000000;1;9595813177;S
20240214;100005;593.700000000;1;9595813668;B
20240214;100005;593.650000000;1;9595813833;S
20240214;100005;593.650000000;1;9595813900;S
20240214;100005;593.750000000;1;9595814258;B
20240214;100005;593.800000000;1;9595814259;B
20240214;100005;593.850000000;1;9595814260;B
20240214;100005;593.650000000;26;9595814390;S
20240214;100005;593.850000000;1;9595814501;B
20240214;100005;593.650000000;2;9595814535;S
20240214;100005;593.650000000;2;9595814539;S
20240214;100005;593.650000000;2;9595814551;S
20240214;100005;593.850000000;5;9595814553;B
20240214;100005;593.850000000;1;9595814556;B
20240214;100005;593.850000000;3;9595814562;B
20240214;100005;593.650000000;1;9595814564;S
20240214;100005;593.850000000;100;9595814570;B
20240214;100005;593.650000000;10;9595814571;S
20240214;100005;593.650000000;2;9595814578;S
20240214;100005;593.650000000;2;9595814581;S
20240214;100005;593.850000000;2;9595814582;B
20240214;100005;593.850000000;2;9595814590;B
20240214;100005;593.850000000;3;9595814591;B
20240214;100005;593.850000000;2;9595814599;B
20240214;100005;593.850000000;180;9595814607;B
20240214;100006;593.850000000;1;9595814711;B
20240214;100006;593.850000000;13;9595814717;B
20240214;100006;593.850000000;34;9595814719;B
20240214;100006;593.850000000;1;9595814720;B
20240214;100006;593.850000000;1;9595814725;B
20240214;100006;593.850000000;1;9595814736;B
20240214;100006;593.850000000;1;9595814737;B
20240214;100006;593.850000000;2;9595814739;B
20240214;100006;593.850000000;146;9595814742;B
20240214;100006;593.850000000;1;9595814743;B
20240214;100006;593.900000000;114;9595814744;B
20240214;100006;593.900000000;10;9595814745;B
20240214;100006;593.900000000;6;9595814746;B
20240214;100006;593.900000000;1;9595814747;B
20240214;100006;593.900000000;3;9595814748;B
20240214;100006;593.900000000;1;9595814749;B
20240214;100006;593.950000000;150;9595814750;B
20240214;100006;593.950000000;454;9595814751;B
20240214;100006;593.650000000;2;9595814753;S
20240214;100006;593.950000000;2;9595814754;B
20240214;100006;593.950000000;1;9595814758;B
20240214;100006;593.950000000;1;9595814760;B
20240214;100006;593.650000000;1;9595814761;S
20240214;100006;593.650000000;1;9595814762;S
20240214;100006;593.950000000;2;9595814772;B
20240214;100006;593.950000000;1;9595814778;B
20240214;100006;593.650000000;1;9595814782;S
20240214;100006;593.950000000;50;9595814799;B
20240214;100006;593.950000000;3;9595814805;B
20240214;100006;593.950000000;1;9595814814;B
20240214;100006;593.950000000;2;9595814819;B
20240214;100006;593.650000000;2;9595814825;S
20240214;100006;593.950000000;1;9595814832;B
20240214;100006;593.950000000;1;9595814913;B
20240214;100006;593.650000000;5;9595814928;S
20240214;100006;593.950000000;17;9595815032;B
20240214;100006;593.650000000;2;9595815205;S
20240214;100006;593.950000000;1;9595815207;B
20240214;100006;593.950000000;2;9595815215;B
20240214;100006;593.950000000;1;9595815218;B
20240214;100006;593.950000000;3;9595815221;B
20240214;100006;593.650000000;2;9595815224;S
20240214;100006;593.950000000;1;9595815227;B
20240214;100006;593.650000000;8;9595815230;S
20240214;100006;593.650000000;2;9595815233;S
20240214;100006;593.950000000;50;9595815234;B
20240214;100006;593.950000000;1;9595815236;B
20240214;100006;593.950000000;28;9595815249;B
20240214;100006;593.950000000;10;9595815251;B
20240214;100006;593.950000000;1;9595815253;B
20240214;100006;593.650000000;2;9595815266;S
20240214;100006;593.650000000;2;9595815268;S
20240214;100006;593.950000000;2;9595815276;B
20240214;100006;593.950000000;5;9595815278;B
20240214;100006;593.650000000;2;9595815280;S
20240214;100006;593.950000000;180;9595815372;B
20240214;100006;593.950000000;5;9595815860;B
20240214;100006;593.950000000;100;9595815861;B
20240214;100006;593.650000000;10;9595815862;S
20240214;100006;593.950000000;5;9595815863;B
20240214;100006;593.950000000;2;9595815864;B
20240214;100006;593.950000000;2;9595815866;B
20240214;100007;593.950000000;1;9595816145;B
20240214;100007;593.950000000;2;9595816146;B
20240214;100007;593.650000000;2;9595816147;S
20240214;100007;593.950000000;2;9595816150;B
20240214;100007;593.650000000;4;9595816151;S
20240214;100007;593.950000000;2;9595816152;B
20240214;100007;593.650000000;10;9595816153;S
20240214;100007;593.950000000;3;9595816154;B
20240214;100007;593.950000000;2;9595816155;B
20240214;100007;593.650000000;1;9595816156;S
20240214;100007;593.650000000;2;9595816157;S
20240214;100007;593.950000000;1;9595816158;B
20240214;100007;593.950000000;2;9595816159;B
20240214;100007;593.750000000;100;9595816700;S
20240214;100007;593.950000000;24;9595816734;B
20240214;100007;593.950000000;1;9595816735;B
20240214;100007;593.950000000;1;9595816736;B
20240214;100007;593.950000000;1;9595816738;B
20240214;100007;593.950000000;1;9595816740;B
20240214;100007;593.950000000;1;9595816741;B
20240214;100007;593.950000000;5;9595816742;B
20240214;100007;593.750000000;2;9595816743;S
20240214;100007;593.750000000;1;9595816745;S
20240214;100007;593.750000000;3;9595816746;S
20240214;100007;593.950000000;1;9595816747;B
20240214;100007;593.750000000;21;9595816748;S
20240214;100007;593.950000000;6;9595816904;B
20240214;100007;593.950000000;1009;9595816921;B
20240214;100007;593.950000000;2;9595816922;B
20240214;100007;593.950000000;134;9595816923;B
20240214;100007;593.950000000;1;9595816924;B
20240214;100007;593.950000000;1;9595816925;B
20240214;100007;594.000000000;10;9595816926;B
20240214;100007;594.000000000;200;9595816927;B
20240214;100007;594.000000000;1;9595816928;B
20240214;100007;594.000000000;142;9595816929;B
20240214;100007;594.000000000;1;9595816930;B
20240214;100007;593.750000000;2;9595816951;S
20240214;100007;593.750000000;2;9595817116;S
20240214;100007;594.000000000;1;9595817119;B
20240214;100007;593.750000000;2;9595817125;S
20240214;100007;593.750000000;2;9595817126;S
20240214;100007;593.750000000;2;9595817128;S
20240214;100007;594.000000000;1;9595817131;B
20240214;100007;594.000000000;1;9595817133;B
20240214;100007;594.000000000;1;9595817136;B
20240214;100007;594.000000000;6;9595817138;B
20240214;100007;593.750000000;2;9595817140;S
20240214;100007;594.000000000;1;9595817142;B
20240214;100007;594.000000000;1;9595817144;B
20240214;100007;594.000000000;2;9595817150;B
20240214;100007;594.000000000;12;9595817218;B
20240214;100007;594.000000000;2;9595817219;B
20240214;100007;593.750000000;2;9595817220;S
20240214;100007;594.000000000;7;9595817221;B
20240214;100007;593.750000000;1;9595817222;S
20240214;100007;593.750000000;1;9595817223;S
20240214;100007;593.750000000;3;9595817224;S
20240214;100007;594.000000000;1;9595817225;B
20240214;100007;593.750000000;4;9595817226;S
20240214;100007;594.000000000;2;9595817227;B
20240214;100007;593.750000000;1;9595817228;S
20240214;100007;594.000000000;2;9595817229;B
20240214;100008;594.000000000;4;9595817666;B
20240214;100008;594.000000000;250;9595817670;B
20240214;100008;593.650000000;1;9595817673;S
20240214;100008;594.000000000;4;9595817675;B
20240214;100008;594.000000000;1;9595817681;B
20240214;100008;594.000000000;9;9595817684;B
20240214;100008;594.000000000;1;9595817687;B
20240214;100008;594.000000000;3;9595817692;B
20240214;100008;593.650000000;2;9595817694;S
20240214;100008;594.000000000;388;9595817696;B
20240214;100008;594.000000000;2;9595817697;B
20240214;100008;594.000000000;100;9595817698;B
20240214;100008;594.000000000;1;9595817699;B
20240214;100008;594.000000000;1;9595817700;B
20240214;100008;594.000000000;100;9595817701;B
20240214;100008;594.000000000;5;9595817702;B
20240214;100008;594.000000000;2;9595817703;B
20240214;100008;594.000000000;1;9595817704;B
20240214;100008;594.000000000;2;9595817705;B
20240214;100008;594.000000000;5;9595817706;B
20240214;100008;594.000000000;1;9595817707;B
20240214;100008;594.000000000;8;9595817708;B
20240214;100008;594.000000000;7;9595817709;B
20240214;100008;594.000000000;4;9595817710;B
20240214;100008;594.000000000;5;9595817711;B
20240214;100008;594.000000000;12;9595817712;B
20240214;100008;594.000000000;2;9595817713;B
20240214;100008;594.000000000;1;9595817714;B
20240214;100008;594.000000000;2;9595817715;B
20240214;100008;594.000000000;200;9595817716;B
20240214;100008;594.000000000;10;9595817717;B
20240214;100008;594.000000000;15;9595817718;B
20240214;100008;594.000000000;626;9595817719;B
20240214;100008;593.650000000;1;9595817721;S
20240214;100008;594.000000000;1;9595817726;B
20240214;100008;594.000000000;1;9595817727;B
20240214;100008;594.000000000;50;9595817728;B
20240214;100008;594.000000000;1;9595817730;B
20240214;100008;594.000000000;8;9595817732;B
20240214;100008;594.000000000;6;9595817735;B
20240214;100008;594.000000000;100;9595817736;B
20240214;100008;594.000000000;2;9595817741;B
20240214;100008;594.000000000;6;9595817799;B
20240214;100008;594.000000000;2;9595817805;B
20240214;100008;593.650000000;2;9595817806;S
20240214;100008;593.650000000;2;9595817809;S
20240214;100008;594.000000000;1;9595817810;B
20240214;100008;594.000000000;1;9595817811;B
20240214;100008;594.000000000;1;9595817812;B
20240214;100008;594.000000000;1;9595817813;B
20240214;100008;593.650000000;2;9595817815;S
20240214;100008;593.650000000;2;9595817817;S
20240214;100008;593.650000000;2;9595817820;S
20240214;100008;594.000000000;10;9595817823;B
20240214;100008;594.000000000;1;9595817829;B
20240214;100008;593.650000000;2;9595817832;S
20240214;100008;594.000000000;2;9595817836;B
20240214;100008;594.000000000;2;9595818078;B
20240214;100008;593.650000000;1;9595818080;S
20240214;100008;594.000000000;3;9595818083;B
20240214;100008;594.000000000;97;9595818084;B
20240214;100008;594.000000000;2;9595818085;B
20240214;100008;594.000000000;42;9595818089;B
20240214;100008;594.000000000;1;9595818090;B
20240214;100008;594.000000000;1;9595818096;B
20240214;100008;594.000000000;1;9595818098;B
20240214;100008;593.650000000;4;9595818160;S
20240214;100008;593.800000000;23;9595818167;B
20240214;100008;593.800000000;3;9595818188;B
20240214;100008;593.800000000;3;9595818194;B
20240214;100008;593.800000000;4;9595818197;B
20240214;100008;593.650000000;2;9595818200;S
20240214;100008;593.650000000;48;9595818204;S
20240214;100008;593.800000000;2;9595818207;B
20240214;100008;593.650000000;436;9595818208;S
20240214;100008;593.600000000;5;9595818209;S
20240214;100008;593.600000000;59;9595818210;S
20240214;100008;593.800000000;2;9595818214;B
20240214;100008;593.800000000;2;9595818217;B
20240214;100008;593.800000000;2;9595818221;B
20240214;100008;593.800000000;1;9595818223;B
20240214;100008;593.800000000;25;9595818226;B
20240214;100008;593.800000000;50;9595818258;B
20240214;100008;593.800000000;1;9595818260;B
20240214;100008;593.800000000;21;9595818297;B
20240214;100008;593.650000000;2;9595818304;S
20240214;100008;593.650000000;4;9595818306;S
20240214;100008;593.800000000;4;9595818308;B
20240214;100008;593.800000000;230;9595818310;B
20240214;100008;593.800000000;1;9595818314;B
20240214;100008;593.800000000;2;9595818318;B
20240214;100008;593.800000000;3;9595818319;B
20240214;100008;593.650000000;1;9595818323;S
20240214;100008;593.650000000;1;9595818327;S
20240214;100008;593.650000000;1;9595818329;S
20240214;100008;593.800000000;41;9595818333;B
20240214;100008;593.800000000;80;9595818440;B
20240214;100008;593.650000000;1;9595818445;S
20240214;100008;593.650000000;2;9595818446;S
20240214;100008;593.650000000;1;9595818447;S
20240214;100008;593.950000000;2;9595818449;B
20240214;100008;593.650000000;2;9595818450;S
20240214;100008;593.950000000;7;9595818451;B
20240214;100008;593.650000000;2;9595818454;S
20240214;100008;593.650000000;2;9595818455;S
20240214;100008;593.950000000;15;9595818457;B
20240214;100008;593.650000000;5;9595818461;S
20240214;100008;593.950000000;34;9595818465;B
20240214;100008;593.650000000;2;9595818469;S
20240214;100008;593.950000000;10;9595818495;B
20240214;100008;593.650000000;2;9595818496;S
20240214;100008;593.950000000;1;9595818497;B
20240214;100008;593.950000000;2;9595818500;B
20240214;100008;593.950000000;1;9595818501;B
20240214;100008;593.650000000;18;9595818502;S
20240214;100008;593.950000000;15;9595818504;B
20240214;100008;593.650000000;13;9595818505;S
20240214;100009;593.950000000;2;9595818769;B
20240214;100009;593.950000000;8;9595818770;B
20240214;100009;593.750000000;2;9595818836;S
20240214;100009;593.950000000;1;9595818842;B
20240214;100009;593.950000000;1;9595818846;B
20240214;100009;593.950000000;1;9595818848;B
20240214;100009;593.950000000;1;9595818852;B
20240214;100009;593.950000000;4;9595818860;B
20240214;100009;593.950000000;10;9595818862;B
20240214;100009;593.950000000;3;9595818867;B
20240214;100009;593.750000000;2;9595818869;S
20240214;100009;593.950000000;1;9595818870;B
20240214;100009;593.950000000;1;9595818871;B
20240214;100009;593.950000000;5;9595818872;B
20240214;100009;593.950000000;1;9595818873;B
20240214;100009;593.750000000;1;9595818874;S
20240214;100009;593.950000000;8;9595818875;B
20240214;100009;594.000000000;2;9595818876;B
20240214;100009;593.750000000;2;9595818877;S
20240214;100009;593.950000000;1;9595818878;B
20240214;100009;593.950000000;2;9595818879;B
20240214;100009;593.750000000;1;9595818880;S
20240214;100009;593.950000000;1;9595818881;B
20240214;100009;593.950000000;2;9595818883;B
20240214;100009;593.950000000;4;9595818884;B
20240214;100009;593.950000000;10;9595818885;B
20240214;100009;593.750000000;3;9595818888;S
20240214;100009;593.750000000;2;9595818891;S
20240214;100009;593.950000000;1;9595818897;B
20240214;100009;593.950000000;113;9595818905;B
20240214;100009;594.000000000;107;9595818906;B
20240214;100009;593.750000000;2;9595818920;S
20240214;100009;593.950000000;2;9595818927;B
20240214;100009;593.950000000;10;9595818936;B
20240214;100009;593.750000000;2;9595818938;S
20240214;100009;593.750000000;1;9595818944;S
20240214;100009;593.950000000;2;9595818949;B
20240214;100009;593.750000000;2;9595818952;S
20240214;100009;593.950000000;2;9595818955;B
20240214;100009;593.750000000;2;9595818959;S
20240214;100009;593.950000000;10;9595819103;B
20240214;100009;593.950000000;2;9595819334;B
20240214;100009;593.950000000;1;9595819464;B
20240214;100009;593.950000000;1;9595819465;B
20240214;100009;593.950000000;2;9595819468;B
20240214;100009;593.950000000;1;9595819469;B
20240214;100009;593.950000000;2;9595819470;B
20240214;100009;593.950000000;1;9595819471;B
20240214;100009;593.950000000;1;9595819472;B
20240214;100009;593.950000000;2;9595819473;B
20240214;100009;593.950000000;1;9595819474;B
20240214;100009;593.950000000;2;9595819477;B
20240214;100009;593.950000000;1;9595819523;B
20240214;100009;593.750000000;2;9595819524;S
20240214;100009;593.750000000;1;9595819525;S
20240214;100009;593.950000000;1;9595819527;B
20240214;100009;593.750000000;2;9595819529;S
20240214;100009;593.950000000;1;9595819530;B
20240214;100009;593.950000000;1;9595819531;B
20240214;100009;593.950000000;1;9595819532;B
20240214;100009;593.950000000;1;9595819533;B
20240214;100009;593.950000000;1;9595819534;B
20240214;100009;593.750000000;1;9595819535;S
20240214;100009;593.950000000;10;9595819536;B
20240214;100009;593.950000000;1;9595819538;B
20240214;100009;593.950000000;7;9595819539;B
20240214;100010;593.950000000;6;9595819666;B
20240214;100010;594.000000000;2;9595819794;B
20240214;100010;594.000000000;1;9595819952;B
20240214;100010;594.000000000;2;9595819953;B
20240214;100010;594.000000000;1;9595819955;B
20240214;100010;593.750000000;1;9595819956;S
20240214;100010;594.000000000;2;9595819959;B
20240214;100010;594.000000000;4;9595819960;B
20240214;100010;594.000000000;1;9595819961;B
20240214;100010;594.000000000;1;9595819962;B
20240214;100010;594.000000000;11;9595819970;B
20240214;100010;594.000000000;16;9595819971;B
20240214;100010;594.000000000;1;9595819972;B
20240214;100010;594.000000000;15;9595819973;B
20240214;100010;594.000000000;50;9595819974;B
20240214;100010;594.000000000;7;9595819975;B
20240214;100010;594.000000000;5;9595819976;B
20240214;100010;594.000000000;1;9595819977;B
20240214;100010;594.000000000;1;9595819979;B
20240214;100010;594.000000000;4;9595819980;B
20240214;100010;594.000000000;10;9595819981;B
20240214;100010;593.750000000;2;9595819982;S
20240214;100010;594.000000000;10;9595820262;B
20240214;100010;594.000000000;21;9595820275;B
20240214;100010;594.000000000;3;9595820277;B
20240214;100010;594.000000000;1;9595820280;B
20240214;100010;594.000000000;1;9595820281;B
20240214;100010;593.750000000;4;9595820282;S
20240214;100010;594.000000000;3;9595820285;B
20240214;100010;594.000000000;1;9595820288;B
20240214;100010;593.750000000;1;9595820289;S
20240214;100010;594.000000000;1;9595820290;B
20240214;100010;594.000000000;2;9595820292;B
20240214;100010;594.000000000;2;9595820293;B
20240214;100010;594.000000000;2;9595820294;B
20240214;100010;594.000000000;88;9595820297;B
20240214;100010;593.750000000;2;9595820298;S
20240214;100010;594.000000000;351;9595820300;B
20240214;100010;594.000000000;4;9595820301;B
20240214;100010;594.000000000;5;9595820302;B
20240214;100010;594.000000000;146;9595820303;B
20240214;100010;593.750000000;1;9595820435;S
20240214;100011;594.000000000;150;9595820682;B
20240214;100011;594.000000000;1;9595820683;B
20240214;100011;594.000000000;2;9595820684;B
20240214;100011;594.000000000;1;9595820685;B
20240214;100011;594.000000000;1;9595820686;B
20240214;100011;594.000000000;1;9595820687;B
20240214;100011;594.000000000;2;9595820688;B
20240214;100011;594.000000000;1;9595820689;B
20240214;100011;594.000000000;1;9595820690;B
20240214;100011;594.000000000;16;9595820762;B
20240214;100011;594.000000000;113;9595821044;B
20240214;100011;594.000000000;10;9595821106;B
20240214;100014;594.000000000;2;9595822405;B
20240214;100014;593.750000000;3;9595822409;S
20240214;100014;593.750000000;3;9595822489;S
20240214;100014;594.000000000;125;9595822657;B
20240214;100015;593.800000000;3;9595822817;S
20240214;100015;593.800000000;2;9595822997;S
20240214;100015;593.900000000;10;9595823219;B
20240214;100015;594.000000000;228;9595823220;B
20240214;100015;594.000000000;500;9595823221;B
20240214;100015;594.000000000;1;9595823222;B
20240214;100015;594.000000000;1;9595823223;B
20240214;100015;594.000000000;1;9595823224;B
20240214;100015;594.000000000;1;9595823225;B
20240214;100015;594.000000000;4;9595823226;B
20240214;100015;594.000000000;1;9595823227;B
20240214;100015;594.000000000;2;9595823228;B
20240214;100015;594.000000000;1;9595823229;B
20240214;100015;594.000000000;20;9595823230;B
20240214;100015;594.000000000;4;9595823231;B
20240214;100015;594.000000000;33;9595823232;B
20240214;100015;594.000000000;1;9595823233;B
20240214;100015;594.000000000;2;9595823234;B
20240214;100015;594.000000000;1;9595823235;B
20240214;100015;594.000000000;5;9595823236;B
20240214;100015;594.000000000;8;9595823237;B
20240214;100015;594.000000000;1;9595823238;B
20240214;100015;594.000000000;5;9595823239;B
20240214;100015;594.000000000;12;9595823240;B
20240214;100015;594.000000000;1;9595823241;B
20240214;100015;594.000000000;10;9595823242;B
20240214;100015;594.000000000;25;9595823243;B
20240214;100015;594.000000000;122;9595823244;B
20240214;100015;593.850000000;1;9595823270;S
20240214;100016;594.000000000;23;9595823768;B
20240214;100017;594.000000000;1;9595823954;B
20240214;100017;594.000000000;11;9595823972;B
20240214;100017;594.000000000;1;9595824125;B
20240214;100019;593.850000000;3;9595824652;S
20240214;100020;594.000000000;49;9595825392;B
20240214;100020;594.000000000;7;9595825559;B
20240214;100021;593.900000000;1;9595825836;S
20240214;100021;593.800000000;2;9595825837;S
20240214;100022;593.800000000;11;9595826109;S
20240214;100024;593.800000000;6;9595826933;S
20240214;100025;593.950000000;20;9595827071;B
20240214;100025;594.000000000;20;9595827072;B
20240214;100026;593.850000000;26;9595827508;S
20240214;100026;593.850000000;50;9595827778;S
20240214;100026;594.000000000;90;9595827874;B
20240214;100027;593.850000000;20;9595828158;S
20240214;100028;594.000000000;2;9595828195;B
20240214;100028;594.000000000;172;9595828421;B
20240214;100028;594.000000000;3;9595828422;B
20240214;100028;594.000000000;1;9595828423;B
20240214;100028;594.000000000;3;9595828424;B
20240214;100028;594.000000000;31;9595828425;B
20240214;100028;594.000000000;3;9595828426;B
20240214;100028;594.000000000;1;9595828427;B
20240214;100028;594.000000000;5;9595828428;B
20240214;100028;594.000000000;20;9595828429;B
20240214;100028;594.000000000;2;9595828430;B
20240214;100028;594.000000000;25;9595828431;B
20240214;100028;594.000000000;3;9595828432;B
20240214;100028;594.000000000;2;9595828433;B
20240214;100028;594.000000000;2;9595828434;B
20240214;100028;594.000000000;201;9595828435;B
20240214;100028;593.850000000;38;9595828467;S
20240214;100028;593.800000000;62;9595828468;S
20240214;100028;594.000000000;20;9595828516;B
20240214;100029;594.000000000;1;9595828585;B
20240214;100029;594.000000000;1;9595828604;B
20240214;100029;593.850000000;3;9595828682;S
20240214;100029;593.850000000;3;9595828729;S
20240214;100029;594.000000000;2;9595828854;B
20240214;100030;593.850000000;99;9595829013;S
20240214;100030;594.000000000;4;9595829047;B
20240214;100031;594.000000000;2;9595829239;B
20240214;100031;594.000000000;10;9595829261;B
20240214;100032;593.900000000;1;9595829522;B
20240214;100032;593.900000000;10;9595829740;B
20240214;100032;593.900000000;15;9595829786;B
20240214;100033;593.900000000;4;9595830036;B
20240214;100033;594.000000000;9;9595830037;B
20240214;100034;594.000000000;16;9595830209;B
20240214;100034;594.000000000;2;9595830212;B
20240214;100034;593.850000000;10;9595830317;S
20240214;100036;594.000000000;15;9595831223;B
20240214;100036;594.000000000;2;9595831228;B
20240214;100037;594.000000000;15;9595831554;B
20240214;100037;594.000000000;1;9595831555;B
20240214;100037;593.850000000;124;9595831656;S
20240214;100037;593.800000000;19;9595831657;S
20240214;100037;593.800000000;57;9595831658;S
20240214;100037;593.850000000;1;9595831693;S
20240214;100037;593.750000000;9;9595831694;S
20240214;100038;593.800000000;11;9595831988;S
20240214;100039;593.800000000;2;9595832246;S
20240214;100039;593.800000000;87;9595832393;S
20240214;100039;593.700000000;87;9595832394;S
20240214;100039;594.000000000;10;9595832445;B
20240214;100039;594.000000000;5;9595832446;B
20240214;100039;594.000000000;3;9595832453;B
20240214;100039;594.000000000;1;9595832454;B
20240214;100039;594.000000000;1;9595832455;B
20240214;100040;593.750000000;2;9595832593;S
20240214;100040;593.750000000;30;9595832610;S
20240214;100040;594.000000000;1;9595832611;B
20240214;100040;593.750000000;27;9595832613;S
20240214;100042;593.750000000;8;9595833224;S
20240214;100043;593.950000000;100;9595833445;B
20240214;100043;593.950000000;15;9595833467;B
20240214;100043;593.950000000;10;9595833478;B
20240214;100043;593.950000000;3;9595833601;B
20240214;100044;593.950000000;6;9595833819;B
20240214;100044;594.000000000;25;9595833820;B
20240214;100044;594.000000000;9;9595833821;B
20240214;100044;593.950000000;50;9595833824;B
20240214;100044;593.950000000;10;9595833875;B
20240214;100044;593.950000000;44;9595833999;B
20240214;100044;593.900000000;6;9595834012;S
20240214;100044;593.750000000;5;9595834013;S
20240214;100044;593.750000000;507;9595834014;S
20240214;100044;593.700000000;414;9595834015;S
20240214;100044;593.600000000;50;9595834016;S
20240214;100044;593.600000000;100;9595834017;S
20240214;100044;593.600000000;100;9595834018;S
20240214;100044;593.600000000;100;9595834019;S
20240214;100044;593.550000000;15;9595834020;S
20240214;100044;593.550000000;10;9595834021;S
20240214;100044;593.550000000;15;9595834022;S
20240214;100044;593.550000000;50;9595834023;S
20240214;100044;593.550000000;416;9595834024;S
20240214;100044;593.500000000;2;9595834025;S
20240214;100044;593.500000000;210;9595834026;S
20240214;100045;593.950000000;8;9595834090;B
20240214;100045;593.950000000;40;9595834124;B
20240214;100045;594.000000000;100;9595834202;B
20240214;100045;593.600000000;1;9595834221;S
20240214;100045;593.600000000;1;9595834223;S
20240214;100045;594.000000000;12;9595834229;B
20240214;100046;593.950000000;1;9595834769;B
20240214;100046;594.000000000;1;9595834770;B
20240214;100046;593.600000000;14;9595834814;S
20240214;100046;593.550000000;60;9595834815;S
20240214;100046;593.950000000;9;9595834880;B
20240214;100046;593.950000000;100;9595834890;B
20240214;100047;593.550000000;10;9595834942;S
20240214;100048;594.000000000;27;9595835228;B
20240214;100049;593.850000000;1;9595835720;S
20240214;100049;594.000000000;1;9595835914;B
20240214;100049;594.000000000;30;9595835928;B
20240214;100050;594.000000000;1;9595836343;B
20240214;100051;593.850000000;2;9595836558;S
20240214;100051;593.600000000;1;9595836559;S
20240214;100051;593.600000000;5;9595836560;S
20240214;100051;593.550000000;22;9595836561;S
20240214;100053;593.950000000;1;9595836892;B
20240214;100053;593.950000000;29;9595836893;B
20240214;100053;593.950000000;10;9595836914;B
20240214;100055;594.000000000;30;9595837295;B
20240214;100056;593.950000000;1;9595837601;B
20240214;100056;594.000000000;29;9595837602;B
20240214;100056;594.000000000;7;9595837604;B
20240214;100057;594.000000000;70;9595838054;B
20240214;100058;593.800000000;300;9595838339;S
20240214;100059;593.750000000;3;9595838549;S
20240214;100100;593.750000000;1;9595838691;S
20240214;100100;594.000000000;8;9595838794;B
20240214;100100;594.000000000;1480;9595838820;B
20240214;100100;594.000000000;200;9595838821;B
20240214;100100;594.000000000;3;9595838822;B
20240214;100101;593.750000000;16;9595839033;S
20240214;100101;593.600000000;5;9595839034;S
20240214;100101;593.600000000;1;9595839035;S
20240214;100101;593.550000000;278;9595839036;S
20240214;100102;593.950000000;1;9595839276;B
20240214;100102;594.000000000;50;9595839277;B
20240214;100102;594.000000000;2;9595839278;B
20240214;100103;594.000000000;10;9595839370;B
20240214;100104;594.050000000;2;9595839640;B
20240214;100104;594.050000000;2;9595839641;B
20240214;100105;593.900000000;5;9595839884;S
20240214;100105;593.850000000;10;9595839885;S
20240214;100105;593.850000000;235;9595839910;S
20240214;100106;593.850000000;11;9595839931;S
20240214;100106;593.850000000;1;9595839970;S
20240214;100106;594.050000000;2;9595840023;B
20240214;100106;594.050000000;2;9595840024;B
20240214;100106;594.050000000;6;9595840025;B
20240214;100108;593.850000000;17;9595840328;S
20240214;100108;594.000000000;6;9595840391;B
20240214;100108;594.050000000;4;9595840392;B
20240214;100110;594.050000000;2;9595840841;B
20240214;100111;594.050000000;2;9595841214;B
20240214;100113;594.000000000;20;9595841673;S
20240214;100114;594.050000000;1;9595841712;B
20240214;100114;594.050000000;11;9595841723;B
20240214;100114;594.000000000;1;9595841893;S
20240214;100116;594.000000000;3;9595842254;S
20240214;100116;594.000000000;3;9595842265;S
20240214;100117;594.050000000;5;9595842716;B
20240214;100118;594.000000000;53;9595842856;S
20240214;100119;594.000000000;47;9595843091;B
20240214;100119;594.050000000;1;9595843217;B
20240214;100120;594.000000000;11;9595843381;S
20240214;100121;594.050000000;2;9595843512;B
20240214;100121;594.050000000;1;9595843513;B
20240214;100121;594.100000000;1;9595843514;B
20240214;100121;594.100000000;1;9595843515;B
20240214;100121;594.100000000;25;9595843516;B
20240214;100122;594.100000000;1;9595843682;B
20240214;100122;594.100000000;2;9595843683;B
20240214;100124;594.100000000;5;9595844233;B
20240214;100126;594.100000000;2;9595844426;B
20240214;100126;594.050000000;1;9595844435;S
20240214;100127;594.050000000;11;9595844849;S
20240214;100127;594.050000000;2;9595844850;S
20240214;100127;594.000000000;7;9595844851;S
20240214;100127;594.100000000;2;9595844853;B
20240214;100127;594.100000000;1;9595844854;B
20240214;100127;594.100000000;1;9595844855;B
20240214;100127;594.100000000;134;9595844856;B
20240214;100127;594.150000000;10;9595844857;B
20240214;100127;594.150000000;1;9595844858;B
20240214;100127;594.150000000;1;9595844859;B
20240214;100127;594.150000000;50;9595844860;B
20240214;100128;594.100000000;2;9595845056;B
20240214;100128;594.100000000;2;9595845077;B
20240214;100129;594.100000000;2;9595845479;B
20240214;100131;594.000000000;65;9595846001;S
20240214;100133;594.150000000;84;9595846326;B
20240214;100133;594.150000000;1;9595846327;B
20240214;100133;594.150000000;69;9595846328;B
20240214;100133;594.150000000;22;9595846329;B
20240214;100133;594.200000000;1;9595846339;B
20240214;100135;594.150000000;9;9595846651;S
20240214;100135;594.100000000;8;9595846652;S
20240214;100135;594.100000000;2;9595846689;S
20240214;100135;594.100000000;17;9595846690;S
20240214;100135;594.100000000;55;9595846691;S
20240214;100135;594.100000000;1000;9595846703;B
20240214;100139;594.100000000;11;9595847467;B
20240214;100139;594.000000000;100;9595847607;S
20240214;100140;594.100000000;20;9595847716;B
20240214;100140;594.100000000;49;9595847718;B
20240214;100143;594.100000000;1;9595848271;B
20240214;100144;594.050000000;50;9595848396;S
20240214;100145;594.050000000;3;9595848580;S
20240214;100146;594.100000000;2;9595848811;B
20240214;100147;594.050000000;2;9595849034;S
20240214;100147;594.050000000;10;9595849059;S
20240214;100147;594.100000000;50;9595849180;B
20240214;100148;594.050000000;2;9595849241;S
20240214;100148;594.100000000;12;9595849299;B
20240214;100148;594.100000000;2;9595849300;B
20240214;100149;594.100000000;6;9595849756;B
20240214;100150;594.100000000;8;9595849789;B
20240214;100150;594.100000000;3;9595849791;B
20240214;100150;594.050000000;3;9595849838;S
20240214;100151;594.100000000;1;9595850038;B
20240214;100151;594.050000000;1;9595850081;S
20240214;100151;594.100000000;6;9595850142;B
20240214;100151;594.100000000;50;9595850155;B
20240214;100153;594.100000000;2;9595850693;B
20240214;100154;594.050000000;180;9595850825;S
20240214;100154;594.100000000;2;9595850929;B
20240214;100155;594.050000000;50;9595851297;S
20240214;100157;594.100000000;350;9595851550;B
20240214;100157;594.100000000;50;9595851584;B
20240214;100157;594.100000000;23;9595851608;B
20240214;100157;594.100000000;20;9595851632;B
20240214;100157;594.100000000;1;9595851646;B
20240214;100158;594.050000000;10;9595851736;S
20240214;100158;594.050000000;5;9595851737;S
20240214;100158;594.050000000;85;9595851738;S
20240214;100158;594.100000000;1;9595851760;B
20240214;100158;594.100000000;1;9595851905;B
20240214;100159;594.100000000;4;9595851936;B
20240214;100159;594.050000000;33;9595852029;S
20240214;100200;594.100000000;6;9595852219;B
20240214;100200;594.050000000;1;9595852371;S
20240214;100201;594.100000000;6;9595852441;B
20240214;100202;594.100000000;3;9595852595;B
20240214;100202;594.050000000;5;9595852633;S
20240214;100202;594.050000000;1;9595852654;S
20240214;100202;594.050000000;3;9595852728;S
20240214;100203;594.050000000;2;9595852809;S
20240214;100203;594.100000000;2;9595852829;B
20240214;100203;594.050000000;1;9595852910;S
20240214;100204;594.100000000;500;9595853092;B
20240214;100205;594.100000000;10;9595853198;B
20240214;100206;594.100000000;1;9595853295;B
20240214;100206;594.100000000;444;9595853350;B
20240214;100207;594.050000000;70;9595853447;S
20240214;100207;594.100000000;3;9595853482;B
20240214;100208;594.050000000;10;9595853674;S
20240214;100208;594.100000000;176;9595853703;B
20240214;100208;594.100000000;1;9595853762;B
20240214;100209;594.050000000;1;9595853846;S
20240214;100209;594.050000000;4;9595854039;S
20240214;100209;594.050000000;6;9595854057;S
20240214;100210;594.100000000;20;9595854250;B
20240214;100212;594.050000000;2;9595854435;S
20240214;100212;594.100000000;21;9595854479;B
20240214;100212;594.050000000;3;9595854485;S
20240214;100213;594.100000000;10;9595854690;B
20240214;100215;594.100000000;3;9595855109;B
20240214;100216;594.100000000;100;9595855555;B
20240214;100217;594.050000000;65;9595855701;S
20240214;100218;594.100000000;201;9595856201;B
20240214;100219;594.050000000;10;9595856431;S
20240214;100219;594.050000000;1;9595856525;S
20240214;100219;594.050000000;3;9595856745;S
20240214;100220;594.100000000;1;9595856754;B
20240214;100220;594.100000000;33;9595856893;B
20240214;100221;594.100000000;25;9595856977;B
20240214;100221;594.050000000;12;9595857141;S
20240214;100221;594.100000000;5;9595857152;B
20240214;100222;594.100000000;5;9595857320;B
20240214;100223;594.050000000;12;9595857505;S
20240214;100223;594.100000000;2;9595857527;B
20240214;100226;594.100000000;1;9595858080;B
20240214;100226;594.100000000;5;9595858171;B
20240214;100226;594.100000000;1;9595858228;B
20240214;100226;594.050000000;1;9595858236;S
20240214;100227;594.100000000;1;9595858253;B
20240214;100227;594.100000000;1;9595858306;B
20240214;100227;594.100000000;16;9595858311;B
20240214;100228;594.100000000;25;9595858415;B
20240214;100228;594.100000000;1;9595858447;B
20240214;100229;594.100000000;20;9595858640;B
20240214;100229;594.100000000;1;9595858713;B
20240214;100229;594.050000000;306;9595858746;S
20240214;100229;594.050000000;131;9595858747;S
20240214;100229;594.050000000;70;9595858748;S
20240214;100229;594.050000000;57;9595858749;S
20240214;100229;594.050000000;6;9595858750;S
20240214;100229;594.050000000;4;9595858751;S
20240214;100229;594.050000000;181;9595858752;S
20240214;100229;594.050000000;85;9595858753;S
20240214;100230;594.100000000;2;9595858817;B
20240214;100230;594.100000000;9;9595858818;B
20240214;100230;594.100000000;16;9595858819;B
20240214;100230;594.100000000;7;9595858821;B
20240214;100230;594.100000000;2;9595858969;B
20240214;100232;594.050000000;5;9595859220;S
20240214;100232;594.100000000;2;9595859349;B
20240214;100233;594.050000000;5;9595859476;S
20240214;100234;594.050000000;2;9595859576;S
20240214;100234;594.100000000;20;9595859619;B
20240214;100235;594.100000000;44;9595859679;B
20240214;100235;594.100000000;25;9595859680;B
20240214;100235;594.100000000;3;9595859681;B
20240214;100235;594.100000000;2;9595859803;B
20240214;100235;594.150000000;67;9595859804;B
20240214;100235;594.150000000;131;9595859805;B
20240214;100236;594.100000000;4;9595859828;S
20240214;100236;594.150000000;1;9595859881;B
20240214;100236;594.150000000;2;9595859930;B
20240214;100237;594.150000000;16;9595860037;B
20240214;100237;594.150000000;1;9595860038;B
20240214;100237;594.100000000;15;9595860398;S
20240214;100239;594.200000000;20;9595860864;B
20240214;100241;594.150000000;7;9595862632;S
20240214;100241;594.200000000;4;9595862796;B
20240214;100242;594.150000000;5;9595862869;S
20240214;100242;594.200000000;1;9595862940;B
20240214;100243;594.200000000;1;9595863096;B
20240214;100243;594.200000000;1;9595863119;B
20240214;100243;594.200000000;1;9595863138;B
20240214;100243;594.200000000;651;9595863140;B
20240214;100244;594.200000000;1;9595863349;B
20240214;100244;594.150000000;18;9595863372;S
20240214;100244;594.150000000;15;9595863373;S
20240214;100244;594.150000000;117;9595863374;S
20240214;100245;594.200000000;16;9595863498;B
20240214;100245;594.150000000;2;9595863573;S
20240214;100246;594.200000000;3;9595863768;B
20240214;100246;594.200000000;1;9595863820;B
20240214;100246;594.150000000;23;9595863852;S
20240214;100246;594.150000000;55;9595863853;S
20240214;100247;594.200000000;1;9595863976;B
20240214;100247;594.200000000;1;9595864029;B
20240214;100247;594.150000000;28;9595864076;S
20240214;100248;594.150000000;2;9595864120;S
20240214;100249;594.150000000;1;9595864456;S
20240214;100250;594.150000000;1;9595864559;S
20240214;100250;594.200000000;7;9595864560;B
20240214;100250;594.200000000;154;9595864568;B
20240214;100250;594.200000000;1;9595864829;B
20240214;100252;594.150000000;3;9595865227;S
20240214;100254;594.200000000;10;9595865939;B
20240214;100254;594.200000000;2;9595866066;B
20240214;100255;594.150000000;10;9595866227;S
20240214;100255;594.200000000;3;9595866228;B
20240214;100255;594.200000000;3;9595866326;B
20240214;100256;594.150000000;3;9595866407;S
20240214;100256;594.150000000;11;9595866416;S
20240214;100257;594.150000000;3;9595866818;B
20240214;100258;594.150000000;16;9595867105;B
20240214;100258;594.200000000;34;9595867106;B
20240214;100300;594.200000000;2;9595868005;B
20240214;100300;594.150000000;89;9595868060;S
20240214;100301;594.150000000;65;9595868288;S
20240214;100302;594.200000000;67;9595868768;B
20240214;100303;594.150000000;1;9595868868;S
20240214;100303;594.150000000;2;9595868970;S
20240214;100303;594.200000000;2;9595868995;B
20240214;100303;594.150000000;10;9595869017;S
20240214;100304;594.200000000;12;9595869126;B
20240214;100304;594.200000000;2;9595869127;B
20240214;100304;594.200000000;1;9595869128;B
20240214;100304;594.200000000;2;9595869129;B
20240214;100304;594.200000000;5;9595869130;B
20240214;100304;594.200000000;2;9595869131;B
20240214;100304;594.200000000;15;9595869132;B
20240214;100304;594.200000000;1;9595869133;B
20240214;100304;594.200000000;31;9595869134;B
20240214;100304;594.200000000;10;9595869135;B
20240214;100304;594.200000000;1;9595869136;B
20240214;100304;594.200000000;1;9595869137;B
20240214;100304;594.200000000;2;9595869138;B
20240214;100304;594.250000000;10;9595869139;B
20240214;100304;594.250000000;5;9595869140;B
20240214;100304;594.250000000;166;9595869188;B
20240214;100304;594.250000000;1;9595869189;B
20240214;100304;594.250000000;22;9595869190;B
20240214;100305;594.250000000;3;9595869303;B
20240214;100305;594.250000000;3;9595869460;B
20240214;100306;594.250000000;72;9595869520;B
20240214;100306;594.300000000;1;9595869521;B
20240214;100306;594.300000000;1;9595869522;B
20240214;100306;594.300000000;4;9595869523;B
20240214;100306;594.300000000;2;9595869524;B
20240214;100306;594.300000000;2;9595869525;B
20240214;100306;594.300000000;10;9595869526;B
20240214;100306;594.350000000;10;9595869527;B
20240214;100306;594.350000000;2;9595869528;B
20240214;100306;594.350000000;2;9595869529;B
20240214;100306;594.350000000;1;9595869530;B
20240214;100306;594.350000000;10;9595869531;B
20240214;100306;594.400000000;33;9595869532;B
20240214;100306;594.250000000;1;9595869579;B
20240214;100306;594.300000000;129;9595869580;B
20240214;100306;594.200000000;4;9595869620;S
20240214;100307;594.300000000;100;9595869755;B
20240214;100307;594.250000000;200;9595869796;B
20240214;100310;594.250000000;1;9595870349;B
20240214;100310;594.200000000;3;9595870474;S
20240214;100311;594.200000000;3;9595870560;S
20240214;100311;594.250000000;3;9595870709;B
20240214;100312;594.250000000;4;9595870823;B
20240214;100312;594.250000000;3;9595870837;B
20240214;100313;594.250000000;5;9595871086;B
20240214;100314;594.250000000;34;9595871351;B
20240214;100314;594.250000000;1;9595871352;B
20240214;100314;594.250000000;1;9595871353;B
20240214;100314;594.250000000;40;9595871354;B
20240214;100314;594.300000000;74;9595871367;B
20240214;100315;594.300000000;7;9595871516;B
20240214;100315;594.300000000;1;9595871517;B
20240214;100317;594.350000000;1;9595871925;B
20240214;100318;594.400000000;78;9595872128;B
20240214;100318;594.400000000;1;9595872151;B
20240214;100318;594.400000000;5;9595872204;B
20240214;100320;594.400000000;1;9595872680;B
20240214;100320;594.400000000;200;9595872760;B
20240214;100320;594.350000000;2;9595872897;S
20240214;100321;594.400000000;2;9595872994;B
20240214;100321;594.400000000;3;9595873036;B
20240214;100322;594.350000000;10;9595873138;S
20240214;100322;594.400000000;5;9595873245;B
20240214;100323;594.400000000;26;9595873704;B
20240214;100323;594.400000000;2;9595873742;B
20240214;100323;594.400000000;10;9595873836;B
20240214;100324;594.400000000;5;9595873990;B
20240214;100324;594.400000000;3;9595873991;B
20240214;100324;594.400000000;100;9595874072;B
20240214;100324;594.400000000;1;9595874073;B
20240214;100324;594.400000000;25;9595874092;B
20240214;100324;594.400000000;200;9595874093;B
20240214;100324;594.400000000;25;9595874094;B
20240214;100324;594.400000000;2;9595874095;B
20240214;100324;594.400000000;1;9595874096;B
20240214;100324;594.400000000;25;9595874097;B
20240214;100324;594.400000000;100;9595874098;B
20240214;100324;594.400000000;25;9595874099;B
20240214;100324;594.400000000;1;9595874100;B
20240214;100324;594.400000000;2;9595874101;B
20240214;100324;594.400000000;94;9595874102;B
20240214;100325;594.350000000;6;9595874182;S
20240214;100325;594.400000000;4;9595874183;B
20240214;100325;594.400000000;2;9595874261;B
20240214;100326;594.400000000;1;9595874384;B
20240214;100326;594.350000000;3;9595874682;S
20240214;100328;594.400000000;414;9595875215;B
20240214;100328;594.400000000;35;9595875218;B
20240214;100328;594.400000000;10;9595875219;B
20240214;100328;594.400000000;25;9595875220;B
20240214;100328;594.450000000;18;9595875222;B
20240214;100328;594.450000000;2;9595875223;B
20240214;100328;594.500000000;10;9595875225;B
20240214;100328;594.500000000;2;9595875226;B
20240214;100328;594.500000000;6;9595875227;B
20240214;100328;594.500000000;1;9595875228;B
20240214;100328;594.500000000;41;9595875229;B
20240214;100328;594.500000000;1;9595875235;B
20240214;100328;594.500000000;9;9595875236;B
20240214;100329;594.500000000;9;9595875314;B
20240214;100329;594.500000000;1;9595875424;B
20240214;100329;594.500000000;81;9595875449;B
20240214;100329;594.500000000;80;9595875450;B
20240214;100329;594.500000000;22;9595875451;B
20240214;100329;594.500000000;8;9595875452;B
20240214;100329;594.500000000;50;9595875453;B
20240214;100329;594.500000000;100;9595875454;B
20240214;100329;594.550000000;2;9595875455;B
20240214;100329;594.550000000;2;9595875456;B
20240214;100329;594.550000000;50;9595875457;B
20240214;100329;594.550000000;30;9595875458;B
20240214;100329;594.550000000;136;9595875459;B
20240214;100329;594.600000000;12;9595875460;B
20240214;100329;594.600000000;5;9595875461;B
20240214;100329;594.600000000;2;9595875462;B
20240214;100329;594.600000000;1;9595875463;B
20240214;100329;594.600000000;134;9595875464;B
20240214;100329;594.600000000;1;9595875465;B
20240214;100329;594.650000000;2;9595875466;B
20240214;100329;594.650000000;32;9595875467;B
20240214;100329;594.500000000;169;9595875480;S
20240214;100329;594.500000000;20;9595875591;S
20240214;100329;594.500000000;18;9595875693;S
20240214;100329;594.500000000;26;9595875743;S
20240214;100329;594.500000000;5;9595875765;S
20240214;100329;594.500000000;3;9595875766;S
20240214;100330;594.500000000;1;9595875883;B
20240214;100330;594.450000000;134;9595875896;S
20240214;100330;594.450000000;48;9595875897;S
20240214;100331;594.450000000;1;9595876437;B
20240214;100332;594.400000000;1;9595877292;S
20240214;100333;594.400000000;10;9595877474;S
20240214;100333;594.400000000;100;9595877475;S
20240214;100333;594.400000000;6;9595877476;S
20240214;100333;594.400000000;5;9595877477;S
20240214;100333;594.350000000;18;9595877478;S
20240214;100333;594.350000000;40;9595877479;S
20240214;100333;594.350000000;40;9595877480;S
20240214;100333;594.350000000;1;9595877481;S
20240214;100333;594.350000000;5;9595877482;S
20240214;100333;594.350000000;25;9595877483;S
20240214;100335;594.350000000;300;9595878362;S
20240214;100336;594.300000000;5;9595878604;S
20240214;100336;594.300000000;20;9595878605;S
20240214;100336;594.300000000;15;9595878606;S
20240214;100336;594.200000000;2;9595878607;S
20240214;100336;594.200000000;1;9595878608;S
20240214;100338;594.300000000;2;9595879131;B
20240214;100339;594.250000000;1;9595879568;S
20240214;100340;594.350000000;10;9595879629;B
20240214;100342;594.350000000;11;9595879998;B
20240214;100343;594.350000000;310;9595880393;B
20240214;100343;594.350000000;2;9595880396;B
20240214;100346;594.250000000;4;9595880827;S
20240214;100346;594.250000000;100;9595881069;S
20240214;100347;594.250000000;29;9595881465;S
20240214;100347;594.200000000;1;9595881466;S
20240214;100347;594.200000000;12;9595881467;S
20240214;100347;594.350000000;5;9595881491;B
20240214;100349;594.300000000;3;9595881826;S
20240214;100351;594.300000000;6;9595882279;B
20240214;100351;594.250000000;2;9595882321;S
20240214;100351;594.300000000;2;9595882322;B
20240214;100351;594.350000000;1;9595882323;B
20240214;100351;594.350000000;3;9595882329;B
20240214;100351;594.350000000;10;9595882344;B
20240214;100351;594.350000000;400;9595882447;B
20240214;100352;594.350000000;3;9595882708;B
20240214;100352;594.250000000;6;9595882762;S
20240214;100353;594.250000000;5;9595882990;S
20240214;100353;594.350000000;1;9595883009;B
20240214;100354;594.250000000;2;9595883196;S
20240214;100354;594.350000000;7;9595883281;B
20240214;100355;594.300000000;1;9595883328;S
20240214;100355;594.300000000;15;9595883492;S
20240214;100356;594.300000000;2;9595883628;S
20240214;100356;594.350000000;1;9595883756;B
20240214;100357;594.350000000;72;9595883780;B
20240214;100357;594.350000000;3;9595883800;B
20240214;100357;594.300000000;12;9595883870;S
20240214;100357;594.300000000;151;9595883871;S
20240214;100357;594.300000000;249;9595883872;S
20240214;100358;594.250000000;3;9595883928;S
20240214;100358;594.300000000;2;9595883939;B
20240214;100358;594.300000000;10;9595883992;B
20240214;100359;594.250000000;30;9595884509;S
20240214;100400;594.300000000;2;9595884760;B
20240214;100400;594.250000000;7;9595884790;S
20240214;100401;594.300000000;4;9595884929;B
20240214;100401;594.250000000;1;9595885090;S
20240214;100401;594.250000000;9;9595885163;S
20240214;100401;594.300000000;40;9595885184;B
20240214;100401;594.300000000;5;9595885216;B
20240214;100402;594.300000000;1;9595885239;B
20240214;100402;594.300000000;41;9595885379;B
20240214;100403;594.250000000;2;9595885610;S
20240214;100403;594.300000000;183;9595885630;B
20240214;100403;594.350000000;414;9595885637;B
20240214;100403;594.350000000;75;9595885639;B
20240214;100403;594.350000000;2;9595885656;B
20240214;100404;594.350000000;2;9595886060;B
20240214;100404;594.350000000;1;9595886509;B
20240214;100406;594.350000000;1;9595887262;B
20240214;100406;594.350000000;2;9595887380;B
20240214;100407;594.300000000;2;9595887558;S
20240214;100408;594.300000000;2;9595888037;S
20240214;100411;594.300000000;1;9595888779;S
20240214;100411;594.350000000;10;9595888825;B
20240214;100411;594.350000000;2;9595888834;B
20240214;100412;594.300000000;100;9595888873;S
20240214;100412;594.300000000;1;9595889145;S
20240214;100412;594.350000000;1;9595889165;B
20240214;100414;594.350000000;7;9595889495;B
20240214;100414;594.350000000;2;9595889583;B
20240214;100415;594.300000000;25;9595890230;S
20240214;100417;594.300000000;1;9595890862;S
20240214;100418;594.350000000;10;9595891089;B
20240214;100419;594.350000000;280;9595891308;B
20240214;100419;594.350000000;15;9595891352;B
20240214;100419;594.300000000;3;9595891367;S
20240214;100420;594.350000000;20;9595891524;B
20240214;100420;594.300000000;166;9595891613;S
20240214;100421;594.300000000;10;9595891721;S
20240214;100421;594.350000000;1;9595891925;B
20240214;100421;594.350000000;10;9595891969;B
20240214;100421;594.300000000;3;9595891978;S
20240214;100422;594.350000000;6;9595892086;B
20240214;100422;594.350000000;106;9595892119;B
20240214;100423;594.300000000;100;9595892272;S
20240214;100423;594.300000000;5;9595892276;S
20240214;100423;594.300000000;56;9595892343;S
20240214;100423;594.350000000;50;9595892373;B
20240214;100423;594.300000000;1;9595892424;S
20240214;100425;594.300000000;524;9595892952;S
20240214;100425;594.300000000;1;9595892953;S
20240214;100425;594.300000000;140;9595892954;S
20240214;100425;594.250000000;3;9595892965;S
20240214;100426;594.250000000;4;9595893031;S
20240214;100426;594.350000000;1;9595893050;B
20240214;100428;594.350000000;2;9595893846;B
20240214;100429;594.350000000;18;9595894066;B
20240214;100431;594.350000000;750;9595894643;B
20240214;100431;594.300000000;1;9595894717;S
20240214;100431;594.250000000;60;9595894718;S
20240214;100431;594.250000000;7;9595894719;S
20240214;100431;594.250000000;1;9595894720;S
20240214;100431;594.250000000;30;9595894721;S
20240214;100431;594.250000000;1;9595894722;S
20240214;100432;594.300000000;2;9595894889;S
20240214;100432;594.300000000;181;9595894890;S
20240214;100432;594.250000000;4;9595894891;S
20240214;100432;594.250000000;65;9595894892;S
20240214;100432;594.250000000;33;9595894893;S
20240214;100432;594.250000000;215;9595894894;S
20240214;100434;594.300000000;2;9595895173;B
20240214;100434;594.300000000;4;9595895218;B
20240214;100434;594.250000000;2;9595895301;S
20240214;100434;594.300000000;3;9595895303;B
20240214;100435;594.300000000;3;9595895489;B
20240214;100435;594.300000000;1;9595895543;B
20240214;100437;594.250000000;21;9595895980;S
20240214;100437;594.300000000;1;9595895990;B
20240214;100437;594.300000000;25;9595896003;B
20240214;100438;594.300000000;1;9595896136;B
20240214;100439;594.250000000;7;9595896339;S
20240214;100440;594.250000000;14;9595896465;S
20240214;100440;594.300000000;1;9595896483;B
20240214;100440;594.250000000;2;9595896491;S
20240214;100440;594.300000000;3;9595896562;B
20240214;100443;594.300000000;1;9595897213;B
20240214;100444;594.300000000;5;9595897364;B
20240214;100445;594.300000000;50;9595897861;B
20240214;100445;594.300000000;2;9595897862;B
20240214;100445;594.300000000;176;9595897863;B
20240214;100446;594.300000000;7;9595898028;S
20240214;100447;594.300000000;17;9595898259;S
20240214;100447;594.300000000;400;9595898293;S
20240214;100447;594.300000000;1;9595898297;S
20240214;100448;594.350000000;2;9595898617;B
20240214;100449;594.350000000;5;9595898868;B
20240214;100450;594.350000000;75;9595898993;B
20240214;100450;594.350000000;60;9595899038;B
20240214;100450;594.350000000;1;9595899048;B
20240214;100450;594.300000000;5;9595899078;S
20240214;100451;594.300000000;10;9595899309;S
20240214;100451;594.350000000;1;9595899403;B
20240214;100453;594.300000000;332;9595899679;S
20240214;100453;594.250000000;42;9595899680;S
20240214;100453;594.250000000;33;9595899681;S
20240214;100453;594.200000000;988;9595899682;S
20240214;100453;594.200000000;134;9595899683;S
20240214;100453;594.200000000;1;9595899684;S
20240214;100453;594.200000000;25;9595899685;S
20240214;100453;594.200000000;13;9595899686;S
20240214;100453;594.200000000;20;9595899687;S
20240214;100453;594.200000000;176;9595899688;S
20240214;100453;594.200000000;236;9595899689;S
20240214;100453;594.200000000;20;9595899822;S
20240214;100455;594.200000000;25;9595900102;B
20240214;100456;594.200000000;145;9595900327;B
20240214;100456;594.200000000;30;9595900357;B
20240214;100456;594.200000000;135;9595900358;B
20240214;100457;594.300000000;2;9595900382;B
20240214;100457;594.300000000;4;9595900427;B
20240214;100457;594.350000000;4;9595900428;B
20240214;100457;594.350000000;147;9595900594;B
20240214;100457;594.350000000;1;9595900601;B
20240214;100458;594.200000000;3;9595900718;S
20240214;100458;594.200000000;3;9595900773;S
20240214;100459;594.250000000;3;9595900844;S
20240214;100459;594.250000000;2;9595900901;S
20240214;100459;594.200000000;10;9595900902;S
20240214;100459;594.200000000;3;9595900932;S
20240214;100459;594.250000000;2;9595901015;S
20240214;100459;594.200000000;1;9595901016;S
20240214;100500;594.200000000;3;9595901127;S
20240214;100500;594.300000000;20;9595901157;B
20240214;100500;594.350000000;100;9595901158;B
20240214;100500;594.350000000;500;9595901159;B
20240214;100500;594.350000000;300;9595901160;B
20240214;100500;594.350000000;500;9595901182;B
20240214;100500;594.350000000;300;9595901183;B
20240214;100500;594.350000000;77;9595901184;B
20240214;100500;594.350000000;200;9595901185;B
20240214;100500;594.350000000;23;9595901186;B
20240214;100500;594.300000000;3;9595901201;S
20240214;100501;594.300000000;10;9595901298;S
20240214;100501;594.350000000;16;9595901358;B
20240214;100501;594.350000000;14;9595901359;B
20240214;100501;594.300000000;250;9595901417;S
20240214;100502;594.300000000;2;9595901519;S
20240214;100502;594.300000000;15;9595901525;S
20240214;100502;594.300000000;300;9595901526;S
20240214;100502;594.300000000;192;9595901527;S
20240214;100502;594.300000000;300;9595901528;S
20240214;100502;594.300000000;100;9595901529;S
20240214;100502;594.300000000;507;9595901530;S
20240214;100502;594.300000000;100;9595901531;S
20240214;100502;594.300000000;31;9595901532;S
20240214;100502;594.300000000;33;9595901537;S
20240214;100503;594.350000000;1;9595901794;B
20240214;100503;594.350000000;38;9595901892;B
20240214;100503;594.300000000;19;9595901944;S
20240214;100505;594.350000000;10;9595902276;B
20240214;100507;594.350000000;1;9595902798;B
20240214;100508;594.350000000;3;9595903096;B
20240214;100508;594.350000000;1;9595903191;B
20240214;100509;594.300000000;2;9595903319;S
20240214;100510;594.300000000;15;9595903710;S
20240214;100510;594.300000000;35;9595903711;S
20240214;100511;594.300000000;1;9595903846;S
20240214;100511;594.300000000;64;9595904004;S
20240214;100511;594.300000000;25;9595904005;S
20240214;100511;594.300000000;10;9595904006;S
20240214;100511;594.300000000;151;9595904007;S
20240214;100512;594.350000000;4;9595904457;B
20240214;100515;594.300000000;1;9595905130;B
20240214;100515;594.300000000;1;9595905170;B
20240214;100516;594.300000000;3;9595905305;B
20240214;100516;594.300000000;1;9595905333;B
20240214;100516;594.300000000;1;9595905362;B
20240214;100516;594.300000000;2;9595905406;B
20240214;100516;594.300000000;2;9595905453;B
20240214;100517;594.300000000;100;9595905649;B
20240214;100518;594.300000000;1;9595905910;B
20240214;100518;594.300000000;3;9595905926;B
20240214;100519;594.300000000;8;9595906026;B
20240214;100519;594.300000000;11;9595906148;B
20240214;100521;594.300000000;7;9595906513;B
20240214;100521;594.300000000;5;9595906591;B
20240214;100522;594.250000000;3;9595906709;S
20240214;100523;594.250000000;97;9595906909;S
20240214;100523;594.250000000;100;9595906910;S
20240214;100523;594.250000000;53;9595906911;S
20240214;100523;594.300000000;2;9595907007;B
20240214;100523;594.300000000;2;9595907077;B
20240214;100523;594.300000000;33;9595907078;B
20240214;100523;594.300000000;30;9595907079;B
20240214;100523;594.300000000;6;9595907080;B
20240214;100523;594.350000000;29;9595907081;B
20240214;100524;594.350000000;1;9595907085;B
20240214;100524;594.250000000;47;9595907092;S
20240214;100524;594.250000000;53;9595907093;S
20240214;100525;594.250000000;1;9595907410;S
20240214;100525;594.350000000;1;9595907588;B
20240214;100526;594.250000000;46;9595907705;S
20240214;100526;594.250000000;20;9595907706;S
20240214;100526;594.300000000;15;9595907903;B
20240214;100528;594.250000000;1;9595908244;S
20240214;100528;594.250000000;10;9595908321;S
20240214;100528;594.300000000;2;9595908343;B
20240214;100528;594.250000000;1;9595908347;S
20240214;100529;594.300000000;2;9595908495;B
20240214;100529;594.250000000;1;9595908526;S
20240214;100530;594.250000000;1;9595908616;S
20240214;100530;594.300000000;1;9595908651;B
20240214;100530;594.250000000;66;9595908668;S
20240214;100530;594.250000000;34;9595908669;S
20240214;100531;594.300000000;58;9595908999;B
20240214;100532;594.300000000;4;9595909266;B
20240214;100532;594.250000000;2;9595909405;S
20240214;100533;594.300000000;20;9595909541;B
20240214;100533;594.250000000;2;9595909612;S
20240214;100534;594.250000000;4;9595909690;S
20240214;100534;594.300000000;1;9595909710;B
20240214;100534;594.300000000;3;9595909843;B
20240214;100535;594.300000000;20;9595909907;B
20240214;100535;594.300000000;2;9595910002;B
20240214;100535;594.300000000;5;9595910003;B
20240214;100536;594.300000000;50;9595910061;B
20240214;100536;594.300000000;430;9595910197;B
20240214;100536;594.300000000;40;9595910198;B
20240214;100536;594.350000000;530;9595910199;B
20240214;100537;594.350000000;20;9595910496;B
20240214;100537;594.350000000;2;9595910589;B
20240214;100538;594.300000000;4;9595910646;S
20240214;100538;594.350000000;1;9595910696;B
20240214;100539;594.300000000;5;9595910983;S
20240214;100541;594.300000000;70;9595911335;S
20240214;100543;594.300000000;6;9595911825;S
20240214;100543;594.350000000;10;9595911859;B
20240214;100543;594.350000000;1;9595911949;B
20240214;100545;594.300000000;1;9595912320;S
20240214;100546;594.300000000;43;9595912549;S
20240214;100547;594.350000000;3;9595912824;B
20240214;100547;594.350000000;12;9595912927;B
20240214;100549;594.300000000;16;9595913538;S
20240214;100549;594.350000000;1;9595913593;B
20240214;100550;594.300000000;4;9595913727;S
20240214;100550;594.300000000;1;9595913811;S
20240214;100551;594.300000000;354;9595913922;S
20240214;100551;594.300000000;3;9595913924;S
20240214;100551;594.350000000;1;9595913937;B
20240214;100551;594.350000000;2;9595914033;B
20240214;100552;594.300000000;50;9595914079;S
20240214;100552;594.350000000;7;9595914154;B
20240214;100554;594.300000000;1;9595914636;S
20240214;100554;594.350000000;2;9595914724;B
20240214;100554;594.350000000;2;9595914756;B
20240214;100555;594.350000000;5;9595914841;B
20240214;100555;594.350000000;3;9595914908;B
20240214;100556;594.350000000;1;9595914943;B
20240214;100556;594.350000000;10;9595914984;B
20240214;100556;594.300000000;9;9595915010;S
20240214;100556;594.300000000;2;9595915023;S
20240214;100556;594.300000000;3;9595915110;S
20240214;100557;594.350000000;20;9595915132;B
20240214;100600;594.300000000;7;9595915873;S
20240214;100600;594.350000000;64;9595915891;B
20240214;100600;594.350000000;36;9595915892;B
20240214;100600;594.350000000;64;9595915933;B
20240214;100600;594.350000000;1;9595915934;B
20240214;100600;594.350000000;10;9595915935;B
20240214;100600;594.350000000;25;9595915936;B
20240214;100600;594.350000000;100;9595915937;B
20240214;100600;594.350000000;375;9595915938;B
20240214;100600;594.350000000;10;9595915939;B
20240214;100600;594.350000000;20;9595915940;B
20240214;100600;594.350000000;5;9595915941;B
20240214;100600;594.350000000;90;9595915942;B
20240214;100600;594.350000000;96;9595915943;B
20240214;100600;594.350000000;100;9595915944;B
20240214;100600;594.400000000;4;9595915947;B
20240214;100600;594.400000000;1;9595915948;B
20240214;100600;594.400000000;5;9595915949;B
20240214;100600;594.400000000;90;9595915950;B
20240214;100600;594.400000000;30;9595915951;B
20240214;100600;594.400000000;100;9595915952;B
20240214;100600;594.450000000;104;9595915953;B
20240214;100600;594.450000000;100;9595915954;B
20240214;100600;594.450000000;400;9595916011;B
20240214;100600;594.450000000;100;9595916012;B
20240214;100600;594.450000000;113;9595916013;B
20240214;100600;594.450000000;55;9595916014;B
20240214;100600;594.450000000;132;9595916015;B
20240214;100600;594.500000000;299;9595916016;B
20240214;100600;594.500000000;1;9595916017;B
20240214;100600;594.500000000;39;9595916030;B
20240214;100600;594.500000000;6;9595916031;B
20240214;100600;594.500000000;5;9595916032;B
20240214;100600;594.500000000;250;9595916033;B
20240214;100600;594.500000000;100;9595916034;B
20240214;100600;594.500000000;200;9595916035;B
20240214;100601;594.500000000;1;9595916238;B
20240214;100601;594.450000000;507;9595916239;S
20240214;100601;594.450000000;100;9595916240;S
20240214;100601;594.450000000;100;9595916241;S
20240214;100601;594.450000000;93;9595916242;S
20240214;100601;594.500000000;4;9595916298;B
20240214;100602;594.500000000;8;9595916359;B
20240214;100602;594.500000000;10;9595916458;B
20240214;100602;594.450000000;1;9595916493;S
20240214;100603;594.500000000;3;9595916647;B
20240214;100603;594.500000000;39;9595916712;B
20240214;100603;594.450000000;3;9595916811;S
20240214;100604;594.500000000;2;9595916840;B
20240214;100604;594.450000000;1;9595916850;S
20240214;100604;594.450000000;2;9595916869;S
20240214;100604;594.450000000;100;9595916879;S
20240214;100604;594.450000000;2;9595916881;S
20240214;100604;594.450000000;2;9595917040;S
20240214;100605;594.450000000;2;9595917087;S
20240214;100605;594.450000000;18;9595917202;S
20240214;100606;594.450000000;5;9595917548;S
20240214;100607;594.450000000;6;9595917657;S
20240214;100608;594.500000000;19;9595918045;B
20240214;100609;594.450000000;8;9595918104;S
20240214;100609;594.500000000;1;9595918140;B
20240214;100610;594.450000000;5;9595918360;S
20240214;100610;594.400000000;1;9595918361;S
20240214;100611;594.450000000;1;9595918533;S
20240214;100611;594.500000000;1;9595918551;B
20240214;100611;594.500000000;2;9595918553;B
20240214;100611;594.400000000;3;9595918580;S
20240214;100611;594.500000000;459;9595918723;B
20240214;100611;594.500000000;1;9595918724;B
20240214;100611;594.550000000;3;9595918725;B
20240214;100611;594.550000000;168;9595918726;B
20240214;100611;594.550000000;41;9595918727;B
20240214;100611;594.550000000;9;9595918728;B
20240214;100611;594.550000000;91;9595918729;B
20240214;100611;594.550000000;394;9595918730;B
20240214;100611;594.550000000;13;9595918731;B
20240214;100611;594.550000000;93;9595918732;B
20240214;100611;594.550000000;88;9595918733;B
20240214;100611;594.550000000;12;9595918736;S
20240214;100611;594.550000000;12;9595918737;S
20240214;100611;594.550000000;12;9595918738;S
20240214;100611;594.550000000;12;9595918739;S
20240214;100611;594.550000000;12;9595918740;S
20240214;100611;594.550000000;12;9595918741;S
20240214;100611;594.550000000;288;9595918742;S
20240214;100611;594.550000000;9;9595918743;S
20240214;100612;594.600000000;9;9595918746;B
20240214;100612;594.550000000;46;9595918747;B
20240214;100612;594.600000000;42;9595918748;B
20240214;100612;594.600000000;3;9595918749;B
20240214;100612;594.600000000;409;9595918750;B
20240214;100612;594.500000000;34;9595919009;S
20240214;100613;594.500000000;4;9595919047;S
20240214;100614;594.550000000;1;9595919211;B
20240214;100614;594.550000000;2;9595919252;B
20240214;100614;594.550000000;8;9595919307;B
20240214;100615;594.500000000;45;9595919439;S
20240214;100615;594.500000000;17;9595919440;S
20240214;100615;594.500000000;43;9595919441;S
20240214;100615;594.500000000;6;9595919442;S
20240214;100616;594.500000000;1;9595919616;S
20240214;100616;594.500000000;4;9595919617;S
20240214;100616;594.500000000;3;9595919765;S
20240214;100617;594.500000000;1;9595919907;S
20240214;100618;594.500000000;2;9595920079;S
20240214;100618;594.500000000;1;9595920080;S
20240214;100618;594.500000000;39;9595920280;S
20240214;100618;594.450000000;4;9595920281;S
20240214;100618;594.450000000;4;9595920282;S
20240214;100618;594.400000000;200;9595920283;S
20240214;100618;594.350000000;3;9595920284;S
20240214;100618;594.350000000;100;9595920285;S
20240214;100618;594.350000000;12;9595920286;S
20240214;100618;594.350000000;1;9595920287;S
20240214;100618;594.350000000;420;9595920288;S
20240214;100618;594.350000000;5;9595920289;S
20240214;100618;594.350000000;171;9595920290;S
20240214;100618;594.350000000;5;9595920291;S
20240214;100618;594.300000000;36;9595920292;S
20240214;100619;594.350000000;1;9595920384;S
20240214;100620;594.350000000;10;9595920700;S
20240214;100620;594.500000000;507;9595920702;B
20240214;100620;594.550000000;209;9595920703;B
20240214;100620;594.550000000;5;9595920704;B
20240214;100620;594.550000000;170;9595920705;B
20240214;100620;594.600000000;591;9595920706;B
20240214;100620;594.600000000;518;9595920707;B
20240214;100620;594.500000000;18;9595920787;B
20240214;100620;594.550000000;132;9595920788;B
20240214;100623;594.350000000;1;9595921433;S
20240214;100626;594.450000000;2;9595922351;S
20240214;100627;594.450000000;6;9595922467;S
20240214;100627;594.450000000;49;9595922468;S
20240214;100627;594.500000000;1;9595922478;B
20240214;100627;594.450000000;1;9595922537;S
20240214;100627;594.500000000;193;9595922587;B
20240214;100628;594.500000000;1;9595922597;B
20240214;100628;594.550000000;100;9595922703;B
20240214;100628;594.550000000;1;9595922743;B
20240214;100629;594.500000000;1;9595922794;S
20240214;100629;594.500000000;3;9595922881;S
20240214;100629;594.500000000;3;9595922979;S
20240214;100629;594.500000000;15;9595923023;S
20240214;100630;594.550000000;2;9595923057;B
20240214;100630;594.500000000;1;9595923167;S
20240214;100631;594.550000000;2;9595923399;B
20240214;100632;594.500000000;1;9595923527;S
20240214;100632;594.550000000;168;9595923528;B
20240214;100633;594.550000000;3;9595923805;B
20240214;100633;594.550000000;2;9595923845;B
20240214;100633;594.550000000;1;9595923959;B
20240214;100635;594.550000000;2;9595924146;B
20240214;100636;594.500000000;8;9595924361;S
20240214;100637;594.550000000;4;9595924541;B
20240214;100637;594.500000000;2;9595924561;S
20240214;100639;594.550000000;1;9595925040;B
20240214;100639;594.500000000;16;9595925060;S
20240214;100639;594.500000000;5;9595925061;S
20240214;100639;594.500000000;5;9595925062;S
20240214;100639;594.500000000;3;9595925063;S
20240214;100639;594.500000000;2;9595925064;S
20240214;100640;594.450000000;12;9595925340;S
20240214;100640;594.450000000;3;9595925357;S
20240214;100641;594.500000000;2;9595925506;B
20240214;100641;594.500000000;3;9595925513;B
20240214;100641;594.500000000;10;9595925536;B
20240214;100641;594.450000000;4;9595925583;S
20240214;100642;594.500000000;2;9595925756;B
20240214;100642;594.500000000;2;9595925831;B
20240214;100642;594.450000000;5;9595925892;S
20240214;100643;594.450000000;8;9595925907;S
20240214;100643;594.450000000;100;9595926042;S
20240214;100645;594.450000000;242;9595926434;S
20240214;100645;594.450000000;45;9595926470;S
20240214;100645;594.400000000;30;9595926471;S
20240214;100645;594.400000000;75;9595926472;S
20240214;100645;594.400000000;25;9595926473;S
20240214;100645;594.350000000;29;9595926474;S
20240214;100646;594.350000000;14;9595926642;S
20240214;100646;594.400000000;1;9595926698;B
20240214;100646;594.350000000;4;9595926791;S
20240214;100646;594.350000000;1;9595926792;S
20240214;100646;594.350000000;1;9595926793;S
20240214;100646;594.350000000;3;9595926794;S
20240214;100648;594.350000000;137;9595927163;S
20240214;100649;594.350000000;3;9595927346;S
20240214;100650;594.400000000;3;9595927558;B
20240214;100650;594.400000000;1;9595927688;B
20240214;100651;594.450000000;2;9595927752;B
20240214;100651;594.450000000;7;9595927778;B
20240214;100651;594.400000000;4;9595927784;S
20240214;100651;594.450000000;36;9595927803;B
20240214;100652;594.450000000;2;9595927969;B
20240214;100653;594.400000000;34;9595928274;S
20240214;100653;594.450000000;65;9595928279;B
20240214;100654;594.350000000;9;9595928348;S
20240214;100655;594.450000000;7;9595928643;B
20240214;100656;594.450000000;1;9595929050;B
20240214;100658;594.350000000;4;9595929330;S
20240214;100658;594.400000000;10;9595929361;B
20240214;100659;594.450000000;2;9595929866;B
20240214;100702;594.400000000;2;9595930764;B
20240214;100703;594.450000000;2;9595930841;B
20240214;100703;594.450000000;10;9595930863;B
20240214;100703;594.350000000;44;9595930866;S
20240214;100703;594.350000000;56;9595930867;S
20240214;100703;594.300000000;514;9595930868;S
20240214;100703;594.300000000;26;9595930869;S
20240214;100703;594.300000000;25;9595930870;S
20240214;100703;594.300000000;150;9595930871;S
20240214;100703;594.300000000;63;9595930872;S
20240214;100703;594.300000000;2;9595930873;S
20240214;100703;594.300000000;25;9595930874;S
20240214;100703;594.300000000;50;9595930875;S
20240214;100703;594.300000000;4;9595930876;S
20240214;100703;594.300000000;1;9595930887;B
20240214;100703;594.300000000;2;9595930934;B
20240214;100705;594.300000000;1;9595931371;B
20240214;100705;594.300000000;87;9595931413;B
20240214;100706;594.300000000;1;9595931871;B
20240214;100707;594.300000000;10;9595932260;B
20240214;100708;594.300000000;2;9595932415;B
20240214;100708;594.300000000;100;9595932420;B
20240214;100709;594.250000000;2;9595932568;S
20240214;100709;594.250000000;30;9595932569;S
20240214;100709;594.250000000;300;9595932738;B
20240214;100710;594.250000000;110;9595932888;B
20240214;100711;594.250000000;25;9595933053;B
20240214;100711;594.250000000;13;9595933144;B
20240214;100711;594.250000000;21;9595933209;B
20240214;100712;594.250000000;1;9595933315;B
20240214;100712;594.250000000;1;9595933557;B
20240214;100712;594.200000000;1;9595933575;S
20240214;100712;594.200000000;1;9595933578;S
20240214;100714;594.250000000;4;9595933765;B
20240214;100714;594.250000000;50;9595933808;B
20240214;100715;594.250000000;1;9595934125;B
20240214;100715;594.200000000;20;9595934131;S
20240214;100715;594.200000000;2;9595934137;S
20240214;100716;594.250000000;2;9595934266;B
20240214;100716;594.250000000;10;9595934267;B
20240214;100720;594.250000000;17;9595935416;B
20240214;100720;594.250000000;1;9595935541;B
20240214;100720;594.250000000;106;9595935542;B
20240214;100720;594.200000000;1;9595935598;S
20240214;100720;594.200000000;2;9595935599;S
20240214;100720;594.200000000;7;9595935600;S
20240214;100720;594.200000000;27;9595935601;S
20240214;100720;594.200000000;63;9595935602;B
20240214;100720;594.200000000;37;9595935603;B
20240214;100721;594.150000000;150;9595935806;S
20240214;100721;594.200000000;1;9595935813;B
20240214;100722;594.200000000;30;9595935929;S
20240214;100722;594.200000000;1;9595935935;S
20240214;100722;594.200000000;2;9595935976;S
20240214;100723;594.250000000;50;9595936562;B
20240214;100725;594.200000000;1;9595937150;S
20240214;100725;594.200000000;16;9595937241;S
20240214;100726;594.250000000;1;9595937344;B
20240214;100727;594.200000000;49;9595937535;S
20240214;100727;594.150000000;21;9595937536;S
20240214;100727;594.150000000;1;9595937572;S
20240214;100727;594.200000000;2;9595937573;B
20240214;100727;594.150000000;28;9595937576;S
20240214;100727;594.150000000;8;9595937577;S
20240214;100728;594.250000000;4;9595937661;B
20240214;100729;594.150000000;12;9595937975;S
20240214;100729;594.150000000;158;9595937976;S
20240214;100731;594.150000000;170;9595938274;S
20240214;100732;594.200000000;1;9595938405;B
20240214;100732;594.150000000;37;9595938451;S
20240214;100733;594.150000000;1;9595938922;S
20240214;100734;594.150000000;117;9595939067;S
20240214;100735;594.150000000;1;9595939167;S
20240214;100735;594.200000000;100;9595939256;B
20240214;100735;594.150000000;5;9595939326;S
20240214;100736;594.200000000;7;9595939405;B
20240214;100736;594.250000000;19;9595939449;B
20240214;100736;594.200000000;3;9595939471;S
20240214;100736;594.250000000;5;9595939477;B
20240214;100736;594.250000000;2;9595939492;B
20240214;100736;594.200000000;1;9595939509;S
20240214;100737;594.200000000;1;9595939637;S
20240214;100737;594.250000000;320;9595939691;B
20240214;100737;594.250000000;199;9595939692;B
20240214;100737;594.200000000;11;9595939730;B
20240214;100737;594.200000000;26;9595939731;B
20240214;100737;594.150000000;414;9595939734;S
20240214;100737;594.150000000;150;9595939736;S
20240214;100738;594.200000000;1;9595939846;B
20240214;100738;594.150000000;7;9595939853;S
20240214;100739;594.150000000;9;9595940053;S
20240214;100740;594.200000000;33;9595940116;B
20240214;100740;594.150000000;414;9595940156;S
20240214;100740;594.200000000;10;9595940201;B
20240214;100741;594.150000000;275;9595940252;S
20240214;100741;594.200000000;13;9595940286;B
20240214;100741;594.150000000;1;9595940332;S
20240214;100741;594.150000000;1;9595940333;S
20240214;100741;594.200000000;30;9595940346;B
20240214;100742;594.150000000;1;9595940492;S
20240214;100743;594.150000000;1;9595940765;S
20240214;100743;594.200000000;10;9595940784;B
20240214;100743;594.150000000;5;9595940925;S
20240214;100744;594.150000000;5;9595940937;S
20240214;100744;594.200000000;3;9595940962;B
20240214;100744;594.200000000;11;9595940997;B
20240214;100744;594.200000000;1;9595941000;B
20240214;100744;594.150000000;1;9595941001;S
20240214;100745;594.200000000;168;9595941286;B
20240214;100746;594.150000000;3;9595941351;S
20240214;100746;594.150000000;1;9595941393;S
20240214;100746;594.200000000;10;9595941503;B
20240214;100747;594.200000000;1;9595941546;B
20240214;100747;594.200000000;1;9595941584;B
20240214;100748;594.200000000;4;9595941855;B
20240214;100748;594.150000000;15;9595941890;S
20240214;100749;594.150000000;34;9595941897;S
20240214;100749;594.200000000;4;9595941903;B
20240214;100749;594.200000000;2;9595942066;B
20240214;100750;594.200000000;1;9595942202;B
20240214;100753;594.200000000;5;9595942549;B
20240214;100753;594.200000000;2;9595942555;B
20240214;100753;594.200000000;3;9595942570;B
20240214;100753;594.150000000;2;9595942593;S
20240214;100753;594.200000000;3;9595942640;B
20240214;100754;594.200000000;35;9595942951;B
20240214;100757;594.200000000;1;9595943482;B
20240214;100757;594.200000000;1;9595943575;B
20240214;100759;594.150000000;3;9595943941;S
20240214;100759;594.150000000;17;9595943990;S
20240214;100800;594.200000000;2;9595944165;B
20240214;100801;594.150000000;1000;9595944234;S
20240214;100801;594.200000000;1;9595944252;B
20240214;100801;594.200000000;3;9595944340;B
20240214;100802;594.200000000;1;9595944447;B
20240214;100802;594.200000000;2;9595944483;B
20240214;100803;594.200000000;13;9595944609;B
20240214;100804;594.200000000;11;9595944870;B
20240214;100805;594.200000000;2;9595945222;B
20240214;100805;594.150000000;1339;9595945280;S
20240214;100805;594.150000000;100;9595945281;S
20240214;100806;594.200000000;1;9595945437;B
20240214;100806;594.200000000;5;9595945442;B
20240214;100807;594.150000000;20;9595945624;S
20240214;100807;594.150000000;1000;9595945632;S
20240214;100808;594.200000000;1;9595945840;B
20240214;100808;594.200000000;3;9595945914;B
20240214;100810;594.150000000;1;9595946192;S
20240214;100810;594.200000000;1;9595946206;B
20240214;100811;594.200000000;10;9595946447;B
20240214;100812;594.150000000;201;9595946469;S
20240214;100812;594.150000000;2635;9595946470;S
20240214;100812;594.150000000;10;9595946471;S
20240214;100812;594.150000000;5;9595946472;S
20240214;100812;594.150000000;4;9595946473;S
20240214;100812;594.150000000;250;9595946474;S
20240214;100812;594.150000000;25;9595946475;S
20240214;100812;594.150000000;30;9595946476;S
20240214;100812;594.150000000;1;9595946477;S
20240214;100812;594.150000000;17;9595946478;S
20240214;100812;594.100000000;25;9595946479;S
20240214;100812;594.100000000;4;9595946480;S
20240214;100812;594.100000000;1;9595946481;S
20240214;100812;594.100000000;3;9595946482;S
20240214;100812;594.050000000;5;9595946485;S
20240214;100812;594.050000000;9;9595946486;S
20240214;100813;594.050000000;21;9595946667;S
20240214;100813;594.050000000;2;9595946668;S
20240214;100813;594.050000000;400;9595946669;S
20240214;100813;594.050000000;5;9595946670;S
20240214;100813;594.050000000;30;9595946671;S
20240214;100813;594.050000000;3;9595946672;S
20240214;100813;594.100000000;10;9595946693;B
20240214;100813;594.100000000;2;9595946757;B
20240214;100814;594.100000000;1;9595946897;B
20240214;100814;594.000000000;50;9595946927;S
20240214;100814;594.000000000;54;9595946928;S
20240214;100814;594.000000000;599;9595946929;S
20240214;100814;594.000000000;337;9595946930;S
20240214;100814;594.000000000;7564;9595946931;S
20240214;100814;594.000000000;8;9595946932;S
20240214;100814;594.000000000;436;9595946933;S
20240214;100814;594.000000000;364;9595946947;S
20240214;100814;594.000000000;200;9595946948;S
20240214;100814;594.000000000;1;9595946949;S
20240214;100814;594.000000000;84;9595946950;S
20240214;100814;594.000000000;20;9595946951;S
20240214;100814;594.000000000;40;9595946952;S
20240214;100814;594.000000000;2;9595946953;S
20240214;100814;594.000000000;250;9595946954;S
20240214;100814;594.000000000;43;9595946955;S
20240214;100814;594.000000000;1;9595946956;S
20240214;100814;594.000000000;3;9595946957;S
20240214;100814;594.000000000;5;9595946958;S
20240214;100814;594.000000000;1;9595946959;S
20240214;100814;594.000000000;700;9595946960;S
20240214;100814;594.000000000;1;9595946961;S
20240214;100814;594.000000000;20;9595946962;S
20240214;100814;594.000000000;1;9595946963;S
20240214;100814;594.000000000;20;9595946964;S
20240214;100814;594.000000000;68;9595946965;S
20240214;100814;594.000000000;4;9595946966;S
20240214;100814;594.000000000;7;9595946967;S
20240214;100814;594.000000000;20;9595946968;S
20240214;100814;594.000000000;2;9595946969;S
20240214;100814;594.000000000;10;9595946970;S
20240214;100814;594.000000000;5;9595946971;S
20240214;100814;594.000000000;17;9595946972;S
20240214;100814;594.000000000;169;9595946973;S
20240214;100814;594.000000000;1;9595946974;S
20240214;100814;594.000000000;3;9595946975;S
20240214;100814;594.000000000;2;9595946976;S
20240214;100814;594.000000000;80;9595946977;S
20240214;100814;594.000000000;3;9595946978;S
20240214;100814;594.000000000;3;9595946979;S
20240214;100814;594.000000000;24;9595946980;S
20240214;100814;594.000000000;2;9595946981;S
20240214;100814;594.000000000;156;9595946982;S
20240214;100814;594.000000000;150;9595946983;S
20240214;100814;594.000000000;6;9595946984;S
20240214;100814;593.950000000;100;9595946986;S
20240214;100814;593.950000000;2;9595946987;S
20240214;100814;593.950000000;1;9595946991;S
20240214;100814;593.900000000;1;9595946992;S
20240214;100814;593.900000000;25;9595946993;S
20240214;100814;593.900000000;103;9595946994;S
20240214;100814;593.900000000;10;9595946996;S
20240214;100815;593.900000000;10;9595947016;S
20240214;100815;593.900000000;1;9595947017;S
20240214;100815;593.900000000;15;9595947018;S
20240214;100815;593.900000000;10;9595947020;S
20240214;100815;593.900000000;2;9595947023;S
20240214;100815;593.900000000;109;9595947051;S
20240214;100815;593.900000000;1;9595947052;S
20240214;100815;593.900000000;22;9595947053;S
20240214;100815;593.900000000;14;9595947072;S
20240214;100815;593.900000000;62;9595947080;S
20240214;100815;593.950000000;134;9595947140;B
20240214;100815;593.950000000;66;9595947141;B
20240214;100815;593.950000000;5;9595947151;B
20240214;100815;593.850000000;10;9595947152;S
20240214;100816;593.850000000;4;9595947327;S
20240214;100816;593.850000000;112;9595947328;S
20240214;100816;593.850000000;3;9595947329;S
20240214;100816;593.850000000;3;9595947330;S
20240214;100816;593.850000000;25;9595947331;S
20240214;100817;593.800000000;1;9595947458;S
20240214;100817;593.800000000;1;9595947524;S
20240214;100817;593.800000000;3;9595947525;S
20240214;100817;593.800000000;1;9595947526;S
20240214;100817;593.800000000;1;9595947527;S
20240214;100817;593.850000000;1;9595947553;B
20240214;100818;593.850000000;2;9595947613;B
20240214;100818;593.750000000;2;9595947656;S
20240214;100818;593.750000000;3;9595947657;S
20240214;100818;593.750000000;1;9595947658;S
20240214;100818;593.700000000;1;9595947659;S
20240214;100818;593.700000000;23;9595947660;S
20240214;100819;593.800000000;1;9595947875;B
20240214;100820;593.700000000;2;9595948055;S
20240214;100820;593.700000000;1;9595948056;S
20240214;100820;593.700000000;1;9595948057;S
20240214;100820;593.650000000;2;9595948058;S
20240214;100821;593.750000000;1;9595948060;B
20240214;100821;593.650000000;1;9595948154;S
20240214;100821;593.650000000;1;9595948155;S
20240214;100821;593.750000000;1;9595948156;B
20240214;100821;593.750000000;100;9595948181;B
20240214;100821;593.750000000;2;9595948229;B
20240214;100823;593.750000000;6;9595948467;B
20240214;100823;593.800000000;9;9595948468;B
20240214;100823;593.800000000;33;9595948469;B
20240214;100824;593.800000000;117;9595948672;B
20240214;100824;593.850000000;156;9595948673;B
20240214;100825;593.900000000;10;9595948779;B
20240214;100826;593.650000000;2;9595948952;S
20240214;100826;593.650000000;1;9595948953;S
20240214;100826;593.650000000;216;9595948954;S
20240214;100826;593.600000000;1;9595948955;S
20240214;100826;593.600000000;85;9595948956;S
20240214;100826;593.600000000;1;9595948957;S
20240214;100826;593.550000000;1;9595948958;S
20240214;100826;593.550000000;193;9595948959;S
20240214;100826;593.900000000;10;9595948974;B
20240214;100827;593.600000000;30;9595949274;B
20240214;100829;593.600000000;7;9595949752;B
20240214;100829;593.550000000;15;9595949793;S
20240214;100830;593.550000000;20;9595949847;S
20240214;100830;593.600000000;2;9595949911;B
20240214;100830;593.600000000;18;9595950169;B
20240214;100831;593.600000000;2;9595950241;B
20240214;100831;593.650000000;2;9595950259;B
20240214;100832;593.650000000;1;9595950320;B
20240214;100832;593.650000000;3;9595950439;B
20240214;100833;593.650000000;34;9595950569;B
20240214;100833;593.750000000;16;9595950570;B
20240214;100834;593.800000000;4;9595950775;B
20240214;100834;593.800000000;1;9595950778;B
20240214;100834;593.550000000;24;9595950814;S
20240214;100834;593.550000000;1000;9595950815;S
20240214;100834;593.550000000;3;9595950816;S
20240214;100834;593.550000000;1;9595950817;S
20240214;100834;593.550000000;1;9595950818;S
20240214;100834;593.500000000;33;9595950819;S
20240214;100834;593.500000000;20;9595950820;S
20240214;100834;593.500000000;19;9595950821;S
20240214;100834;593.500000000;16;9595950822;S
20240214;100836;593.600000000;1;9595951268;S
20240214;100836;593.650000000;2;9595951319;B
20240214;100836;593.700000000;9;9595951322;B
20240214;100837;593.700000000;1;9595951491;B
20240214;100837;593.700000000;2;9595951542;B
20240214;100838;593.700000000;3;9595951714;B
20240214;100838;593.750000000;2;9595951783;B
20240214;100844;593.600000000;1;9595952677;S
20240214;100846;593.600000000;11;9595953016;S
20240214;100846;593.550000000;1;9595953017;S
20240214;100846;593.550000000;15;9595953018;S
20240214;100849;593.700000000;44;9595953579;B
20240214;100849;593.600000000;5;9595953692;S
20240214;100849;593.550000000;7;9595953693;S
20240214;100849;593.700000000;3;9595953705;B
20240214;100850;593.700000000;3;9595953774;B
20240214;100850;593.700000000;5;9595953830;B
20240214;100851;593.600000000;1;9595953931;B
20240214;100852;593.550000000;2;9595954129;S
20240214;100852;593.500000000;4;9595954130;S
20240214;100852;593.500000000;20;9595954131;S
20240214;100852;593.500000000;10;9595954132;S
20240214;100852;593.500000000;5;9595954133;S
20240214;100852;593.500000000;10;9595954134;S
20240214;100852;593.500000000;10;9595954135;S
20240214;100852;593.500000000;80;9595954136;S
20240214;100852;593.500000000;6;9595954137;S
20240214;100852;593.500000000;1;9595954138;S
20240214;100852;593.500000000;2;9595954139;S
20240214;100853;593.600000000;1;9595954420;B
20240214;100853;593.600000000;7;9595954421;B
20240214;100853;593.650000000;10;9595954577;B
20240214;100853;593.650000000;94;9595954578;B
20240214;100853;593.700000000;396;9595954579;B
20240214;100853;593.700000000;5;9595954605;B
20240214;100853;593.700000000;3;9595954607;B
20240214;100854;593.550000000;1;9595954704;S
20240214;100854;593.500000000;7;9595954705;S
20240214;100854;593.500000000;16;9595954764;S
20240214;100854;593.500000000;164;9595954765;S
20240214;100855;593.550000000;100;9595954965;B
20240214;100855;593.500000000;53;9595954967;S
20240214;100856;593.500000000;414;9595955154;S
