<DATE>;<TIME>;<LAST>;<VOL>;<ID>;<OPER>
20240304;095942;578.9;1;9735694684;S
20240304;095942;578.9;1;9735694685;S
20240304;095942;578.9;1;9735694686;S
20240304;095942;578.9;1;9735694687;S
20240304;095942;578.9;1;9735694688;S
20240304;095942;578.9;106;9735694689;S
20240304;095942;578.9;2;9735694690;S
20240304;095942;578.9;34;9735694691;S
20240304;095942;578.9;5;9735694692;S
20240304;095942;578.9;85;9735694693;S
20240304;095942;578.9;86;9735694694;S
20240304;095942;578.9;1;9735694695;S
20240304;095942;578.9;6;9735694696;S
20240304;095942;578.9;2;9735694697;B
20240304;095942;578.9;2;9735694698;S
20240304;095942;578.9;15;9735694699;S
20240304;095942;578.9;10;9735694700;S
20240304;095942;578.9;10;9735694701;B
20240304;095942;578.9;1;9735694702;B
20240304;095942;578.9;1;9735694703;S
20240304;095942;578.9;198;9735694704;S
20240304;095942;578.9;45;9735694705;S
20240304;095942;578.9;20;9735694706;S
20240304;095942;578.9;10;9735694707;B
20240304;095942;578.9;2;9735694708;B
20240304;095942;578.9;91;9735694709;B
20240304;095942;578.9;40;9735694710;B
20240304;095942;578.9;2;9735694711;B
20240304;095942;578.9;2;9735694712;B
20240304;095942;578.9;5;9735694713;B
20240304;095942;578.9;2;9735694714;B
20240304;095942;578.9;8;9735694715;B
20240304;095942;578.9;3;9735694716;B
20240304;095942;578.9;2;9735694717;B
20240304;095942;578.9;10;9735694718;B
20240304;095942;578.9;1;9735694719;B
20240304;095942;578.9;34;9735694720;B
20240304;095942;578.9;6;9735694721;B
20240304;095942;578.9;275;9735694722;B
20240304;095942;578.9;7;9735694723;B
20240304;095942;578.9;130;9735694724;B
20240304;095942;578.9;37;9735694725;S
20240304;095942;578.9;11;9735694726;S
20240304;095942;578.9;3;9735694727;S
20240304;095942;578.9;1;9735694728;B
20240304;095942;578.9;10;9735694729;B
20240304;095942;578.9;20;9735694730;B
20240304;095942;578.9;3;9735694731;S
20240304;095942;578.9;1;9735694732;B
20240304;095942;578.9;2;9735694733;B
20240304;095942;578.9;1;9735694734;B
20240304;095942;578.9;2;9735694735;B
20240304;095942;578.9;2;9735694736;B
20240304;095942;578.9;1;9735694737;B
20240304;095942;578.9;2;9735694738;B
20240304;095942;578.9;1;9735694739;B
20240304;095942;578.9;1;9735694740;B
20240304;095942;578.9;1;9735694741;B
20240304;095942;578.9;2;9735694742;B
20240304;095942;578.9;2;9735694743;B
20240304;095942;578.9;3;9735694744;B
20240304;095942;578.9;2;9735694745;B
20240304;095942;578.9;1;9735694746;B
20240304;095942;578.9;1;9735694747;B
20240304;095942;578.9;1;9735694748;B
20240304;095942;578.9;1;9735694749;B
20240304;095942;578.9;2;9735694750;B
20240304;095942;578.9;3;9735694751;B
20240304;095942;578.9;1;9735694752;B
20240304;095942;578.9;2;9735694753;B
20240304;095942;578.9;2;9735694754;B
20240304;095942;578.9;1;9735694755;B
20240304;095942;578.9;2;9735694756;B
20240304;095942;578.9;2;9735694757;B
20240304;095942;578.9;2;9735694758;B
20240304;095942;578.9;2;9735694759;B
20240304;095942;578.9;3;9735694760;B
20240304;095942;578.9;1;9735694761;B
20240304;095942;578.9;1;9735694762;B
20240304;095942;578.9;2;9735694763;B
20240304;095942;578.9;2;9735694764;B
20240304;095942;578.9;1;9735694765;B
20240304;095942;578.9;5;9735694766;B
20240304;095942;578.9;1;9735694767;B
20240304;095942;578.9;2;9735694768;B
20240304;095942;578.9;2;9735694769;B
20240304;095942;578.9;2;9735694770;B
20240304;095942;578.9;3;9735694771;B
20240304;095942;578.9;2;9735694772;B
20240304;095942;578.9;1;9735694773;B
20240304;095942;578.9;1;9735694774;B
20240304;095942;578.9;2;9735694775;B
20240304;095942;578.9;19;9735694776;B
20240304;095942;578.9;2;9735694777;B
20240304;095942;578.9;1;9735694778;B
20240304;095942;578.9;1;9735694779;B
20240304;095942;578.9;2;9735694780;B
20240304;095942;578.9;1;9735694781;B
20240304;095942;578.9;1;9735694782;B
20240304;095942;578.9;1;9735694783;B
20240304;095942;578.9;125;9735694784;B
20240304;095942;578.9;2;9735694785;B
20240304;095942;578.9;2;9735694786;B
20240304;095942;578.9;2;9735694787;B
20240304;095942;578.9;2;9735694788;B
20240304;095942;578.9;1;9735694789;B
20240304;095942;578.9;4;9735694790;B
20240304;095942;578.9;1;9735694791;B
20240304;095942;578.9;2;9735694792;B
20240304;095942;578.9;2;9735694793;B
20240304;095942;578.9;20;9735694794;B
20240304;095942;578.9;1;9735694795;B
20240304;095942;578.9;1;9735694796;B
20240304;095942;578.9;10;9735694797;B
20240304;095942;578.9;2;9735694798;B
20240304;095942;578.9;2;9735694799;B
20240304;095942;578.9;1;9735694800;B
20240304;095942;578.9;2;9735694801;B
20240304;095942;578.9;1;9735694802;B
20240304;095942;578.9;1;9735694803;B
20240304;095942;578.9;2;9735694804;B
20240304;095942;578.9;3;9735694805;B
20240304;095942;578.9;2;9735694806;B
20240304;095942;578.9;1;9735694807;B
20240304;095942;578.9;4;9735694808;B
20240304;095942;578.9;2;9735694809;B
20240304;095942;578.9;2;9735694810;B
20240304;095942;578.9;1;9735694811;B
20240304;095942;578.9;2;9735694812;B
20240304;095942;578.9;155;9735694813;B
20240304;095942;578.9;1;9735694814;B
20240304;095942;578.9;1;9735694815;B
20240304;095942;578.9;1;9735694816;B
20240304;095942;578.9;1;9735694817;B
20240304;095942;578.9;15;9735694818;B
20240304;095942;578.9;10;9735694819;B
20240304;095942;578.9;2;9735694820;B
20240304;095942;578.9;2;9735694821;S
20240304;095942;578.9;2;9735694822;S
20240304;095942;578.9;2;9735694823;S
20240304;095942;578.9;58;9735694824;B
20240304;095942;578.9;1;9735694825;B
20240304;095942;578.9;2;9735694826;B
20240304;095942;578.9;2;9735694827;B
20240304;095942;578.9;1;9735694828;B
20240304;095942;578.9;2;9735694829;B
20240304;095942;578.9;2;9735694830;B
20240304;095942;578.9;1;9735694831;B
20240304;095942;578.9;1;9735694832;B
20240304;095942;578.9;2;9735694833;B
20240304;095942;578.9;4;9735694834;B
20240304;095942;578.9;2;9735694835;B
20240304;095942;578.9;2;9735694836;B
20240304;095942;578.9;2;9735694837;B
20240304;095942;578.9;3;9735694838;B
20240304;095942;578.9;3;9735694839;B
20240304;095942;578.9;1;9735694840;B
20240304;095942;578.9;50;9735694841;B
20240304;095942;578.9;3;9735694842;B
20240304;095942;578.9;1;9735694843;B
20240304;095942;578.9;20;9735694844;B
20240304;095942;578.9;8;9735694845;B
20240304;095942;578.9;138;9735694846;B
20240304;095942;578.9;4;9735694847;B
20240304;095942;578.9;2;9735694848;B
20240304;095942;578.9;5;9735694849;B
20240304;095942;578.9;5;9735694850;B
20240304;095942;578.9;10;9735694851;B
20240304;095942;578.9;1;9735694852;B
20240304;095942;578.9;4;9735694853;B
20240304;095942;578.9;1;9735694854;B
20240304;095942;578.9;2;9735694855;B
20240304;095942;578.9;2;9735694856;B
20240304;095942;578.9;17;9735694857;S
20240304;095942;578.9;2;9735694858;B
20240304;095942;578.9;2;9735694859;B
20240304;095942;578.9;2;9735694860;B
20240304;095942;578.9;2;9735694861;B
20240304;095942;578.9;6;9735694862;B
20240304;095942;578.9;1;9735694863;B
20240304;095942;578.9;1;9735694864;S
20240304;095942;578.9;1;9735694865;B
20240304;095942;578.9;1;9735694866;S
20240304;095942;578.9;2;9735694867;B
20240304;095942;578.9;2;9735694868;B
20240304;095942;578.9;1;9735694869;S
20240304;095942;578.9;2;9735694870;B
20240304;095942;578.9;3;9735694871;B
20240304;095942;578.9;1;9735694872;S
20240304;095942;578.9;1;9735694873;B
20240304;095942;578.9;3;9735694874;B
20240304;095942;578.9;3;9735694875;B
20240304;095942;578.9;1;9735694876;B
20240304;095942;578.9;2;9735694877;B
20240304;095942;578.9;20;9735694878;B
20240304;095942;578.9;1;9735694879;B
20240304;095942;578.9;3;9735694880;B
20240304;095942;578.9;1;9735694881;B
20240304;095942;578.9;5;9735694882;B
20240304;095942;578.9;20;9735694883;B
20240304;095942;578.9;15;9735694884;B
20240304;095942;578.9;2;9735694885;B
20240304;095942;578.9;32;9735694886;B
20240304;095942;578.9;20;9735694887;B
20240304;095942;578.9;48;9735694888;B
20240304;095942;578.9;5;9735694889;B
20240304;095942;578.9;1;9735694890;B
20240304;095942;578.9;200;9735694891;B
20240304;095942;578.9;10;9735694892;S
20240304;095942;578.9;36;9735694893;B
20240304;095942;578.9;2;9735694894;B
20240304;095942;578.9;19;9735694895;B
20240304;095942;578.9;2;9735694896;S
20240304;095942;578.9;2;9735694897;S
20240304;095942;578.9;2;9735694898;S
20240304;095942;578.9;2;9735694899;S
20240304;095942;578.9;9;9735694900;B
20240304;100000;578.85;100;9735700545;B
20240304;100000;578.85;200;9735700569;B
20240304;100000;578.85;132;9735700571;B
20240304;100000;578.9;368;9735700572;B
20240304;100000;578.9;58;9735700587;B
20240304;100000;578.9;6;9735700588;B
20240304;100000;578.9;21;9735700589;B
20240304;100000;578.9;15;9735700655;S
20240304;100000;578.9;300;9735700656;S
20240304;100000;578.9;100;9735700657;S
20240304;100000;578.9;17;9735700658;S
20240304;100000;578.95;500;9735701213;B
20240304;100000;578.95;1500;9735701277;B
20240304;100000;578.9;1;9735701385;S
20240304;100000;578.95;4;9735701470;B
20240304;100000;578.95;12;9735701728;B
20240304;100001;578.95;500;9735702334;B
20240304;100001;578.95;500;9735702386;B
20240304;100001;578.95;500;9735702396;B
20240304;100001;578.95;4;9735702563;B
20240304;100001;578.95;20;9735703447;B
20240304;100002;578.9;1;9735703800;S
20240304;100002;578.95;416;9735704086;B
20240304;100002;578.95;484;9735704087;B
20240304;100002;578.95;569;9735704088;B
20240304;100002;578.95;500;9735704089;B
20240304;100002;578.95;500;9735704090;B
20240304;100002;578.95;100;9735704091;B
20240304;100002;578.95;500;9735704272;B
20240304;100002;578.95;500;9735704273;B
20240304;100002;578.95;500;9735704274;B
20240304;100002;578.95;100;9735704275;B
20240304;100002;578.95;400;9735704276;B
20240304;100002;578.95;500;9735704279;B
20240304;100002;578.95;400;9735704280;B
20240304;100002;578.95;500;9735704283;B
20240304;100002;578.95;2;9735704285;B
20240304;100002;578.95;5;9735704286;B
20240304;100002;578.95;2;9735704287;B
20240304;100002;578.95;2;9735704397;B
20240304;100002;578.95;3;9735704398;B
20240304;100002;578.95;8;9735704399;B
20240304;100002;578.95;2;9735704459;B
20240304;100002;578.95;2;9735704460;B
20240304;100002;578.95;4;9735704461;B
20240304;100002;578.9;81;9735704834;S
20240304;100002;578.9;100;9735704835;S
20240304;100002;578.9;59;9735704836;S
20240304;100003;578.95;100;9735705107;B
20240304;100003;578.95;500;9735705108;B
20240304;100003;578.95;159;9735705109;B
20240304;100003;579;3;9735705110;B
20240304;100003;579;4;9735705111;B
20240304;100003;579;3;9735705112;B
20240304;100003;579;12;9735705113;B
20240304;100003;579;3;9735705114;B
20240304;100003;579;3;9735705115;B
20240304;100003;579;55;9735705116;B
20240304;100003;579;15;9735705117;B
20240304;100003;579.4;300;9735705122;B
20240304;100003;579.35;41;9735705123;B
20240304;100003;579.35;100;9735705124;B
20240304;100003;579.35;500;9735705125;B
20240304;100003;579.35;100;9735705126;B
20240304;100003;579.35;159;9735705128;B
20240304;100003;579.45;1;9735705141;B
20240304;100003;579.5;2;9735705143;B
20240304;100003;579.55;33;9735705691;S
20240304;100003;579.6;10;9735705698;B
20240304;100004;579.55;67;9735705921;S
20240304;100004;579.55;100;9735705922;S
20240304;100004;579.55;100;9735705923;S
20240304;100004;579.55;100;9735705924;S
20240304;100004;579.55;73;9735705925;S
20240304;100004;579.55;1;9735706324;S
20240304;100004;579.6;4;9735706457;B
20240304;100005;579.6;2;9735706722;B
20240304;100005;579.6;1;9735706725;B
20240304;100005;579.55;2;9735706726;S
20240304;100005;579.55;2;9735706729;S
20240304;100005;579.55;2;9735706730;S
20240304;100005;579.6;2;9735706731;B
20240304;100005;579.6;1;9735706734;B
20240304;100005;579.6;2;9735706735;B
20240304;100005;579.6;3;9735706736;B
20240304;100005;579.55;2;9735706737;S
20240304;100005;579.6;1;9735706739;B
20240304;100005;579.6;8;9735706743;B
20240304;100005;579.55;1;9735706746;S
20240304;100005;579.55;2;9735706758;S
20240304;100005;579.6;1;9735706761;B
20240304;100005;579.6;2;9735706775;B
20240304;100005;579.55;1;9735706786;S
20240304;100005;579.6;2;9735706787;B
20240304;100005;579.6;1;9735706788;B
20240304;100005;579.6;1;9735706791;B
20240304;100005;579.6;1;9735706793;B
20240304;100005;579.55;2;9735706794;S
20240304;100005;579.55;1;9735706795;S
20240304;100005;579.6;5;9735706798;B
20240304;100005;579.6;10;9735706799;B
20240304;100005;579.55;2;9735706800;S
20240304;100005;579.6;1;9735706801;B
20240304;100005;579.55;2;9735706803;S
20240304;100005;579.6;1;9735706806;B
20240304;100005;579.55;2;9735706807;S
20240304;100005;579.55;2;9735706809;S
20240304;100005;579.55;2;9735706812;S
20240304;100005;579.6;1;9735706813;B
20240304;100005;579.6;5;9735706817;B
20240304;100005;579.6;2;9735706820;B
20240304;100005;579.6;1;9735706822;B
20240304;100005;579.55;1;9735706823;S
20240304;100005;579.55;1;9735706827;S
20240304;100005;579.6;1;9735706828;B
20240304;100005;579.55;1;9735706829;S
20240304;100005;579.6;3;9735706837;B
20240304;100005;579.55;2;9735706838;S
20240304;100005;579.55;2;9735706839;S
20240304;100005;579.6;1;9735706841;B
20240304;100005;579.6;1;9735706844;B
20240304;100005;579.55;2;9735706847;S
20240304;100005;579.55;2;9735706850;S
20240304;100005;579.6;5;9735707212;B
20240304;100005;579.55;14;9735707434;S
20240304;100005;579.55;4;9735707462;S
20240304;100006;579.55;1;9735707796;S
20240304;100006;579.55;2;9735707890;S
20240304;100006;579.6;1;9735707892;B
20240304;100006;579.6;8;9735707894;B
20240304;100006;579.55;1;9735707896;S
20240304;100006;579.6;2;9735707907;B
20240304;100006;579.55;2;9735707913;S
20240304;100006;579.6;1;9735707914;B
20240304;100006;579.55;2;9735707920;S
20240304;100006;579.55;2;9735707925;S
20240304;100006;579.55;2;9735707927;S
20240304;100006;579.55;2;9735707928;S
20240304;100006;579.6;1;9735707929;B
20240304;100006;579.6;1;9735707931;B
20240304;100006;579.55;2;9735707933;S
20240304;100006;579.55;1;9735707934;S
20240304;100006;579.55;4;9735707942;S
20240304;100006;579.6;1;9735707945;B
20240304;100006;579.6;2;9735707950;B
20240304;100006;579.55;2;9735707958;S
20240304;100006;579.6;1;9735707968;B
20240304;100006;579.6;1;9735707971;B
20240304;100006;579.55;2;9735707975;S
20240304;100006;579.6;1;9735707977;B
20240304;100006;579.6;2;9735707978;B
20240304;100006;579.6;13;9735707984;B
20240304;100006;579.6;1;9735707995;B
20240304;100006;579.6;1;9735707997;B
20240304;100006;579.55;47;9735708002;S
20240304;100006;579.5;4;9735708003;S
20240304;100006;579.45;124;9735708004;S
20240304;100006;579.45;285;9735708005;S
20240304;100006;579.3;2;9735708011;S
20240304;100006;579.6;1;9735708015;B
20240304;100006;579.6;2;9735708064;B
20240304;100006;579.3;1;9735708067;S
20240304;100006;579.3;1;9735708068;S
20240304;100006;579.3;3;9735708074;S
20240304;100006;579.6;1;9735708079;B
20240304;100006;579.15;2;9735708084;S
20240304;100006;579.6;1;9735708091;B
20240304;100006;579.6;2;9735708097;B
20240304;100006;579.6;1;9735708102;B
20240304;100006;579.05;2;9735708105;S
20240304;100006;579.6;1;9735708107;B
20240304;100006;579.6;1;9735708119;B
20240304;100006;579.6;1;9735708122;B
20240304;100006;579.15;8;9735708125;S
20240304;100006;579.6;1;9735708128;B
20240304;100006;579.6;1;9735708130;B
20240304;100006;579.6;1;9735708131;B
20240304;100006;579.6;3;9735708134;B
20240304;100006;579.6;10;9735708135;B
20240304;100006;579.2;2;9735708136;S
20240304;100006;579.2;1;9735708140;S
20240304;100006;579.6;2;9735708142;B
20240304;100006;579.6;1;9735708148;B
20240304;100006;579.2;2;9735708149;S
20240304;100006;579.6;2;9735708151;B
20240304;100006;579.2;2;9735708154;S
20240304;100006;579.6;1;9735708164;B
20240304;100006;579.6;1;9735708170;B
20240304;100006;579.6;7;9735708178;B
20240304;100006;579.6;25;9735708182;B
20240304;100006;579.6;1;9735708188;B
20240304;100006;579;1;9735708189;S
20240304;100006;579;1;9735708201;S
20240304;100006;579.6;2;9735708205;B
20240304;100006;579.6;4;9735708217;B
20240304;100006;579.6;2;9735708218;B
20240304;100006;579;30;9735708220;S
20240304;100006;579;2;9735708222;S
20240304;100006;579.6;9;9735708227;B
20240304;100006;579.6;1;9735708228;B
20240304;100006;579.65;3;9735708229;B
20240304;100006;579.65;2;9735708238;B
20240304;100006;579.65;2;9735708244;B
20240304;100006;579.65;1;9735708249;B
20240304;100006;579.65;1;9735708252;B
20240304;100006;579.65;1;9735708261;B
20240304;100006;579.65;3;9735708265;B
20240304;100006;579;2;9735708268;S
20240304;100006;579.65;1;9735708274;B
20240304;100006;579;2;9735708277;S
20240304;100006;579;2;9735708285;S
20240304;100006;579.65;1;9735708527;B
20240304;100006;579.65;1;9735708531;B
20240304;100006;579.65;1;9735708535;B
20240304;100006;579.65;1;9735708560;B
20240304;100006;579;2;9735708562;S
20240304;100006;579.65;2;9735708567;B
20240304;100006;579.65;1;9735708568;B
20240304;100006;579.65;1;9735708574;B
20240304;100006;579.65;2;9735708575;B
20240304;100006;579;2;9735708576;S
20240304;100006;579.65;5;9735708583;B
20240304;100006;579.65;1;9735708585;B
20240304;100006;579.7;1;9735708586;B
20240304;100006;579.7;1;9735708593;B
20240304;100006;579.7;3;9735708596;B
20240304;100006;579.7;1;9735708599;B
20240304;100006;579;2;9735708600;S
20240304;100006;579;2;9735708606;S
20240304;100006;579.7;4;9735708613;B
20240304;100006;579.75;1;9735708614;B
20240304;100006;579.75;1;9735708616;B
20240304;100006;579.75;1;9735708621;B
20240304;100006;579.1;2;9735708622;S
20240304;100006;579.2;15;9735708637;S
20240304;100006;579.75;2;9735708641;B
20240304;100006;579.75;2;9735708642;B
20240304;100006;579.25;10;9735708650;S
20240304;100006;579.75;1;9735708651;B
20240304;100006;579.75;2;9735708656;B
20240304;100006;579.75;2;9735708657;B
20240304;100006;579.85;1;9735708660;B
20240304;100006;579.85;1;9735708661;B
20240304;100006;579.9;7;9735708663;B
20240304;100006;579.9;1;9735708664;B
20240304;100006;579.3;2;9735708665;S
20240304;100006;579.8;2;9735708668;B
20240304;100006;579.8;2;9735708671;B
20240304;100006;579.9;2;9735708678;B
20240304;100006;579.75;2;9735708682;B
20240304;100006;579.15;1;9735708683;S
20240304;100006;579.75;1;9735708688;B
20240304;100006;579.2;1;9735708690;S
20240304;100006;579.85;1;9735708696;B
20240304;100006;579.85;1;9735708699;B
20240304;100006;579.85;1;9735708704;B
20240304;100006;579.85;1;9735708706;B
20240304;100006;579.85;1;9735708707;B
20240304;100006;579.85;1;9735708711;B
20240304;100006;579.85;1;9735708720;B
20240304;100006;579.85;2;9735708724;B
20240304;100006;579.9;1;9735709334;B
20240304;100006;579.35;2;9735709337;S
20240304;100006;579.35;2;9735709343;S
20240304;100006;579.9;1;9735709346;B
20240304;100006;579.9;1;9735709348;B
20240304;100006;579.9;1;9735709352;B
20240304;100006;579.35;2;9735709353;S
20240304;100006;579.35;3;9735709355;S
20240304;100006;579.35;3;9735709357;S
20240304;100006;579.9;2;9735709358;B
20240304;100006;579.9;1;9735709362;B
20240304;100006;579.9;1;9735709363;B
20240304;100006;579.9;1;9735709364;B
20240304;100006;579.9;2;9735709365;B
20240304;100006;579.35;1;9735709366;S
20240304;100006;579.9;1;9735709368;B
20240304;100006;579.35;2;9735709369;S
20240304;100006;579.9;1;9735709371;B
20240304;100006;579.35;2;9735709372;S
20240304;100006;579.35;2;9735709374;S
20240304;100006;579.9;2;9735709375;B
20240304;100006;579.9;2;9735709377;B
20240304;100006;579.9;1;9735709379;B
20240304;100006;579.9;1;9735709381;B
20240304;100006;579.9;2;9735709382;B
20240304;100006;579.9;1;9735709385;B
20240304;100006;579.9;1;9735709386;B
20240304;100006;579.9;1;9735709387;B
20240304;100006;579.9;2;9735709388;B
20240304;100006;579.35;2;9735709390;S
20240304;100006;579.9;1;9735709398;B
20240304;100006;579.9;1;9735709400;B
20240304;100006;579.9;2;9735709402;B
20240304;100006;579.35;6;9735709405;S
20240304;100006;579.9;2;9735709428;B
20240304;100006;579.9;2;9735709430;B
20240304;100006;579.9;1;9735709432;B
20240304;100006;579.9;2;9735709435;B
20240304;100006;579.9;1;9735709437;B
20240304;100006;579.9;2;9735709440;B
20240304;100006;579.85;1;9735709444;B
20240304;100006;579.2;2;9735709445;S
20240304;100006;579.8;2;9735709448;B
20240304;100006;579.8;2;9735709451;B
20240304;100006;579.85;2;9735709702;B
20240304;100006;579.85;6;9735709705;B
20240304;100006;579.35;2;9735709708;S
20240304;100006;579.85;2;9735709711;B
20240304;100006;579.35;1;9735709713;S
20240304;100007;579.8;2;9735709719;B
20240304;100007;579.8;1;9735709720;B
20240304;100007;579.8;1;9735709721;B
20240304;100007;579.8;1;9735709723;B
20240304;100007;579.3;1;9735709728;S
20240304;100007;579.8;1;9735709729;B
20240304;100007;579.3;1;9735709730;S
20240304;100007;579.3;2;9735709732;S
20240304;100007;579.3;1;9735709734;S
20240304;100007;579.3;1;9735709735;S
20240304;100007;579.9;1;9735709737;B
20240304;100007;579.9;1;9735709738;B
20240304;100007;579;2;9735709739;S
20240304;100007;579;2;9735709740;S
20240304;100007;579;2;9735709741;S
20240304;100007;579.85;2;9735709743;B
20240304;100007;579;2;9735709744;S
20240304;100007;579.1;4;9735709745;S
20240304;100007;579.8;2;9735709746;B
20240304;100007;579.1;3;9735709747;S
20240304;100007;579.1;1;9735709748;S
20240304;100007;579.8;5;9735709752;B
20240304;100007;579.15;5;9735709753;S
20240304;100007;579.8;1;9735709754;B
20240304;100007;579.2;2;9735709755;S
20240304;100007;579.85;2;9735709756;B
20240304;100007;579.85;10;9735709757;B
20240304;100007;579.25;2;9735709758;S
20240304;100007;579.95;2;9735709759;B
20240304;100007;579.1;2;9735709761;S
20240304;100007;579.9;2;9735709763;B
20240304;100007;579.9;1;9735709764;B
20240304;100007;579.35;1;9735709765;S
20240304;100007;579.35;1;9735709766;S
20240304;100007;579.95;1;9735709767;B
20240304;100007;579.95;519;9735709768;B
20240304;100007;579.95;231;9735709769;B
20240304;100007;580;812;9735709770;B
20240304;100007;580;1;9735709771;B
20240304;100007;579.95;3;9735709773;B
20240304;100007;579.85;2;9735710070;B
20240304;100007;579.4;21;9735710073;S
20240304;100007;579.9;1;9735710077;B
20240304;100007;579.9;1;9735710078;B
20240304;100007;579.4;1;9735710409;S
20240304;100007;579.95;2;9735710410;B
20240304;100007;579.4;2;9735710411;S
20240304;100007;579.9;2;9735710413;B
20240304;100007;579.9;3;9735710442;B
20240304;100007;579.4;2;9735710470;S
20240304;100007;579.9;4;9735711020;B
20240304;100007;579.95;46;9735711021;B
20240304;100007;579.4;2;9735711026;S
20240304;100007;579.4;2;9735711031;S
20240304;100007;579.95;2;9735711032;B
20240304;100007;579.95;1;9735711038;B
20240304;100007;579.95;1;9735711044;B
20240304;100007;579.95;1;9735711052;B
20240304;100007;579.95;2;9735711056;B
20240304;100007;579.95;1;9735711062;B
20240304;100007;579.95;2;9735711069;B
20240304;100007;579.95;1;9735711075;B
20240304;100007;579.95;1;9735711081;B
20240304;100007;579.4;2;9735711089;S
20240304;100007;579.95;1;9735711098;B
20240304;100007;579.4;1;9735711110;S
20240304;100007;579.95;68;9735711115;B
20240304;100007;579.4;1;9735711117;S
20240304;100007;579.4;1;9735711119;S
20240304;100007;579.4;1;9735711125;S
20240304;100007;579.95;1;9735711126;B
20240304;100007;579.95;2;9735711127;B
20240304;100007;579.4;1;9735711129;S
20240304;100007;579.95;2;9735711132;B
20240304;100007;579.4;2;9735711134;S
20240304;100007;579.4;2;9735711137;S
20240304;100007;579.4;1;9735711138;S
20240304;100007;579.4;3;9735711139;S
20240304;100007;579.4;2;9735711142;S
20240304;100007;579.95;2;9735711144;B
20240304;100007;579.95;2;9735711148;B
20240304;100007;579.95;2;9735711149;B
20240304;100007;579.95;2;9735711150;B
20240304;100007;579.95;2;9735711152;B
20240304;100007;579.95;1;9735711155;B
20240304;100007;579.4;2;9735711163;S
20240304;100007;579.95;5;9735711164;B
20240304;100007;579.95;1;9735711165;B
20240304;100007;579.4;1;9735711167;S
20240304;100007;579.95;1;9735711169;B
20240304;100007;579.4;4;9735711173;S
20240304;100007;579.4;2;9735711175;S
20240304;100007;579.95;1;9735711178;B
20240304;100007;579.95;2;9735711180;B
20240304;100007;579.4;2;9735711190;S
20240304;100007;579.95;1;9735711194;B
20240304;100007;579.95;1;9735711195;B
20240304;100007;579.95;2;9735711199;B
20240304;100007;579.95;1;9735711201;B
20240304;100007;579.95;1;9735711206;B
20240304;100007;579.95;2;9735711208;B
20240304;100007;579.4;3;9735711213;S
20240304;100007;579.95;3;9735711216;B
20240304;100007;579.95;1;9735711219;B
20240304;100007;579.95;1;9735711224;B
20240304;100007;579.4;2;9735711225;S
20240304;100007;579.95;2;9735711227;B
20240304;100007;579.95;1;9735711232;B
20240304;100007;579.4;1;9735711234;S
20240304;100007;579.95;1;9735711237;B
20240304;100007;579.95;1;9735711241;B
20240304;100007;579.95;1;9735711245;B
20240304;100007;579.4;2;9735711246;S
20240304;100007;579.4;2;9735711247;S
20240304;100007;579.95;1;9735711251;B
20240304;100007;579.4;2;9735711255;S
20240304;100007;579.4;2;9735711257;S
20240304;100007;579.95;1;9735711303;B
20240304;100007;579.95;1;9735711305;B
20240304;100007;579.95;2;9735711306;B
20240304;100007;579.4;2;9735711308;S
20240304;100007;579.95;1;9735711309;B
20240304;100007;579.95;1;9735711310;B
20240304;100007;579.95;2;9735711312;B
20240304;100007;579.95;1;9735711313;B
20240304;100007;579.95;5;9735711315;B
20240304;100007;579.95;2;9735711318;B
20240304;100007;579.4;10;9735711320;S
20240304;100007;579.4;2;9735711321;S
20240304;100007;579.4;6;9735711326;S
20240304;100007;579.95;1;9735711327;B
20240304;100007;579.95;2;9735711328;B
20240304;100007;579.95;2;9735711330;B
20240304;100007;579.95;2;9735711333;B
20240304;100007;579.4;2;9735711335;S
20240304;100007;579.95;4;9735711337;B
20240304;100007;579.95;1;9735711339;B
20240304;100007;579.95;1;9735711340;B
20240304;100007;579.95;2;9735711341;B
20240304;100007;579.95;2;9735711342;B
20240304;100007;579.95;1;9735711344;B
20240304;100007;579.4;2;9735711345;S
20240304;100007;579.4;2;9735711347;S
20240304;100007;579.95;2;9735711348;B
20240304;100007;579.4;2;9735711352;S
20240304;100007;579.95;1;9735711355;B
20240304;100007;579.4;2;9735711360;S
20240304;100007;579.95;2;9735711362;B
20240304;100007;579.4;1;9735711366;S
20240304;100007;579.95;1;9735711369;B
20240304;100007;579.95;1;9735711372;B
20240304;100007;579.4;2;9735711376;S
20240304;100007;579.95;1;9735711393;B
20240304;100007;579.95;1;9735711394;B
20240304;100007;579.4;2;9735711400;S
20240304;100007;579.95;2;9735711405;B
20240304;100007;579.4;1;9735711412;S
20240304;100007;579.95;1;9735711413;B
20240304;100007;579.4;1;9735711423;S
20240304;100007;579.4;2;9735711424;S
20240304;100007;579.4;2;9735711434;S
20240304;100007;579.95;1;9735711439;B
20240304;100007;579.95;2;9735711442;B
20240304;100007;579.4;1;9735711451;S
20240304;100007;579.95;1;9735711460;B
20240304;100007;579.4;31;9735711462;S
20240304;100007;579.4;4;9735711553;S
20240304;100007;579.95;10;9735711554;B
20240304;100008;579.95;285;9735711984;B
20240304;100008;579.95;715;9735711985;B
20240304;100008;579.95;2;9735712435;B
20240304;100008;579.95;2;9735712450;B
20240304;100008;579.4;2;9735712482;S
20240304;100008;579.4;2;9735712502;S
20240304;100008;579.95;2;9735712529;B
20240304;100008;579.95;2;9735712540;B
20240304;100008;579.4;2;9735712559;S
20240304;100008;579.4;2;9735712571;S
20240304;100008;579.95;1;9735712587;B
20240304;100008;579.95;2;9735712598;B
20240304;100008;579.4;2;9735712612;S
20240304;100008;579.95;3;9735712623;B
20240304;100008;579.95;1;9735712637;B
20240304;100008;579.4;2;9735712652;S
20240304;100008;579.95;13;9735712673;B
20240304;100008;579.95;9;9735712674;B
20240304;100008;579.95;1;9735712691;B
20240304;100008;579.95;1;9735712696;B
20240304;100008;579.4;2;9735712709;S
20240304;100008;579.4;4;9735712735;S
20240304;100008;580;1;9735712746;B
20240304;100008;579.4;5;9735712757;S
20240304;100008;579.95;1;9735712766;B
20240304;100008;579.95;2;9735712778;B
20240304;100008;579.95;1;9735712786;B
20240304;100008;579.4;2;9735712797;S
20240304;100008;579.95;1;9735712809;B
20240304;100008;579.4;3;9735712819;S
20240304;100008;579.95;2;9735712824;B
20240304;100008;579.95;1;9735712827;B
20240304;100008;579.95;1;9735712834;B
20240304;100008;579.4;2;9735712835;S
20240304;100008;579.4;3;9735712840;S
20240304;100008;579.95;3;9735712848;B
20240304;100008;579.95;1;9735712849;B
20240304;100008;579.95;2;9735712861;B
20240304;100008;579.95;1;9735712862;B
20240304;100008;579.45;1;9735712879;S
20240304;100008;579.95;1;9735712882;B
20240304;100008;579.95;1;9735712888;B
20240304;100008;579.45;2;9735712889;S
20240304;100008;579.95;1;9735712898;B
20240304;100008;579.95;1;9735712899;B
20240304;100008;579.4;2;9735712907;S
20240304;100008;580;2;9735712912;B
20240304;100008;579.4;2;9735712915;S
20240304;100008;579.95;2;9735712919;B
20240304;100008;579.4;1;9735712926;S
20240304;100008;579.95;1;9735712931;B
20240304;100008;579.4;3;9735712933;S
20240304;100008;579.4;2;9735712943;S
20240304;100008;579.4;2;9735712949;S
20240304;100008;579.4;3;9735712951;S
20240304;100008;579.95;1;9735712957;B
20240304;100008;579.95;2;9735712958;B
20240304;100008;579.95;1;9735712965;B
20240304;100008;579.95;2;9735712969;B
20240304;100008;579.4;2;9735712973;S
20240304;100008;579.95;2;9735712976;B
20240304;100008;579.45;1;9735712986;S
20240304;100008;580;2;9735712995;B
20240304;100008;580;1;9735712999;B
20240304;100008;579.45;1;9735713035;S
20240304;100008;579.95;2;9735713041;B
20240304;100008;579.45;1;9735713062;S
20240304;100008;580;1;9735713065;B
20240304;100008;579.5;1;9735713080;S
20240304;100008;579.95;125;9735713089;B
20240304;100008;580;1875;9735713090;B
20240304;100008;579.5;2;9735713097;S
20240304;100008;579.4;1;9735713108;S
20240304;100008;579.45;2;9735713112;S
20240304;100008;579.95;2;9735713131;B
20240304;100008;579.95;1;9735713139;B
20240304;100008;579.5;25;9735713149;S
20240304;100008;579.95;2;9735713153;B
20240304;100008;580;3;9735713154;B
20240304;100008;579.5;2;9735713158;S
20240304;100008;580;1;9735713227;B
20240304;100008;580;1;9735713238;B
20240304;100008;579.5;2;9735713244;S
20240304;100008;579.5;2;9735713255;S
20240304;100008;579.6;2;9735713264;S
20240304;100008;580;2;9735713271;B
20240304;100008;580;2;9735713283;B
20240304;100008;580;2;9735713291;B
20240304;100008;580;2;9735713299;B
20240304;100008;580;2;9735713300;B
20240304;100008;580;1;9735713311;B
20240304;100008;580;1;9735713314;B
20240304;100008;579.6;1;9735713320;S
20240304;100008;579.65;3;9735713326;S
20240304;100008;579.7;1;9735713330;S
20240304;100008;579.7;20;9735713335;S
20240304;100008;580;1;9735713337;B
20240304;100008;579.45;2;9735713344;S
20240304;100008;580;2;9735713351;B
20240304;100008;580;5;9735713364;B
20240304;100008;580;2;9735713375;B
20240304;100008;580;2;9735713384;B
20240304;100008;579.5;2;9735713389;S
20240304;100008;580;2;9735713395;B
20240304;100008;580;1;9735713399;B
20240304;100008;580;2;9735713423;B
20240304;100008;579.55;2;9735713433;S
20240304;100008;579.55;2;9735713435;S
20240304;100008;580;1;9735713448;B
20240304;100008;580;2;9735713451;B
20240304;100008;580;2;9735713457;B
20240304;100008;580;1;9735713463;B
20240304;100008;580;1;9735713470;B
20240304;100008;579.55;1;9735713475;S
20240304;100008;580;1;9735713478;B
20240304;100008;580;2;9735713486;B
20240304;100008;579.65;1;9735713505;S
20240304;100008;579.65;30;9735713517;S
20240304;100008;580;1;9735713518;B
20240304;100008;579.4;2;9735713525;S
20240304;100008;579.45;33;9735713535;S
20240304;100008;579.45;2;9735713538;S
20240304;100008;579.5;2;9735713553;S
20240304;100008;580;2;9735713555;B
20240304;100008;580;1;9735713565;B
20240304;100008;579.55;2;9735713566;S
20240304;100008;579.55;2;9735713575;S
20240304;100008;580;1;9735713584;B
20240304;100008;580;1;9735713585;B
20240304;100008;580;1;9735713592;B
20240304;100008;579.5;1;9735713598;S
20240304;100008;579.5;1;9735713600;S
20240304;100008;580;2;9735713610;B
20240304;100008;580;250;9735713613;B
20240304;100008;579.6;2;9735713615;S
20240304;100008;579.6;2;9735713620;S
20240304;100008;579.6;2;9735713624;S
20240304;100008;579.4;2;9735713634;S
20240304;100008;580;2;9735713636;B
20240304;100008;580;1;9735713637;B
20240304;100008;580;1;9735713640;B
20240304;100008;579.55;2;9735713641;S
20240304;100008;579.6;2;9735713644;S
20240304;100008;580;1;9735713650;B
20240304;100008;579.65;2;9735713656;S
20240304;100008;579.65;2;9735713658;S
20240304;100008;579.4;2;9735713661;S
20240304;100008;580;2;9735713666;B
20240304;100008;579.45;1;9735713670;S
20240304;100008;580;1;9735713672;B
20240304;100008;580;1;9735713676;B
20240304;100008;580;5;9735713677;B
20240304;100008;580;2;9735713678;B
20240304;100008;580;1;9735713684;B
20240304;100008;580;1;9735713685;B
20240304;100008;580;1;9735713691;B
20240304;100008;580;2;9735713692;B
20240304;100008;580;6;9735713698;B
20240304;100008;579.6;2;9735713701;S
20240304;100008;580;2;9735713706;B
20240304;100008;579.65;1;9735713707;S
20240304;100008;579.4;2;9735713717;S
20240304;100008;580;1;9735713722;B
20240304;100008;580;17;9735713727;B
20240304;100008;579.5;1;9735713730;S
20240304;100008;579.55;2;9735713742;S
20240304;100008;579.6;1;9735713752;S
20240304;100008;580;1;9735713878;B
20240304;100008;580;1;9735713994;B
20240304;100008;580;1;9735713999;B
20240304;100008;580;3;9735714005;B
20240304;100008;580;2;9735714019;B
20240304;100008;579.95;1;9735714027;B
20240304;100008;579.95;1;9735714031;B
20240304;100008;579.95;1;9735714036;B
20240304;100008;579.95;1;9735714055;B
20240304;100008;579.45;2;9735714056;S
20240304;100008;579.95;1;9735714061;B
20240304;100008;579.45;1;9735714062;S
20240304;100008;579.95;5;9735714066;B
20240304;100008;579.45;2;9735714067;S
20240304;100008;579.5;2;9735714074;S
20240304;100008;580;1;9735714077;B
20240304;100008;579.5;1;9735714081;S
20240304;100008;580;2;9735714085;B
20240304;100008;579.25;1;9735714088;S
20240304;100008;579.25;3;9735714089;S
20240304;100008;579.95;1;9735714095;B
20240304;100008;579.95;1;9735714096;B
20240304;100008;579.95;3;9735714101;B
20240304;100008;579.4;2;9735714103;S
20240304;100008;580;2;9735714104;B
20240304;100008;579.45;2;9735714109;S
20240304;100008;580;1;9735714143;B
20240304;100008;579.5;1;9735714146;S
20240304;100008;579.5;2;9735714148;S
20240304;100008;580;1;9735714154;B
20240304;100008;580;2;9735714155;B
20240304;100008;580;2;9735714158;B
20240304;100008;579.55;2;9735714159;S
20240304;100008;580;1;9735714163;B
20240304;100008;580;1;9735714164;B
20240304;100008;579.2;2;9735714167;S
20240304;100008;580;2;9735714168;B
20240304;100008;580;1;9735714170;B
20240304;100008;579.25;2;9735714171;S
20240304;100008;580;118;9735714173;B
20240304;100008;580;2;9735714174;B
20240304;100008;580;1;9735714178;B
20240304;100008;579.35;2;9735714192;S
20240304;100008;579.35;1;9735714193;S
20240304;100008;580;1;9735714196;B
20240304;100008;580;1;9735714197;B
20240304;100008;580;7;9735714198;B
20240304;100008;579.35;2;9735714201;S
20240304;100008;579.35;2;9735714204;S
20240304;100008;579.35;2;9735714207;S
20240304;100008;580;2;9735714211;B
20240304;100008;579.4;2;9735714212;S
20240304;100008;580;1;9735714217;B
20240304;100008;579.45;2;9735714218;S
20240304;100008;580;1;9735714220;B
20240304;100008;579.05;1;9735714224;S
20240304;100008;580;2;9735714226;B
20240304;100008;580;2;9735714229;B
20240304;100008;580;1;9735714233;B
20240304;100008;580;1;9735714243;B
20240304;100008;579.2;2;9735714247;S
20240304;100008;580;2;9735714252;B
20240304;100008;579.2;1;9735714256;S
20240304;100008;580;1;9735714259;B
20240304;100008;579.2;2;9735714260;S
20240304;100008;580;1;9735714261;B
20240304;100008;579.2;2;9735714263;S
20240304;100008;580;14;9735714264;B
20240304;100008;580;2;9735714266;B
20240304;100008;580;1;9735714268;B
20240304;100008;580;1;9735714269;B
20240304;100008;580;2;9735714275;B
20240304;100008;580;1;9735714276;B
20240304;100008;580;5;9735714280;B
20240304;100008;580;4;9735714281;B
20240304;100008;580;2;9735714282;B
20240304;100008;579.3;2;9735714284;S
20240304;100008;580;1;9735714285;B
20240304;100008;579.3;2;9735714292;S
20240304;100008;580;1;9735714293;B
20240304;100008;579.3;32;9735714298;S
20240304;100008;580;5;9735714316;B
20240304;100008;580;2;9735714321;B
20240304;100008;579.35;2;9735714333;S
20240304;100008;579.35;1;9735714339;S
20240304;100008;580;331;9735714340;B
20240304;100008;580;1;9735714345;B
20240304;100008;580;1;9735714352;B
20240304;100008;580;2;9735714362;B
20240304;100008;579.5;2;9735714369;S
20240304;100008;580;1;9735714372;B
20240304;100008;580;2;9735714397;B
20240304;100008;580;1;9735714400;B
20240304;100008;580;1;9735714406;B
20240304;100008;579.55;2;9735714410;S
20240304;100008;580;1;9735714415;B
20240304;100008;580;2;9735714422;B
20240304;100008;580;2;9735714426;B
20240304;100008;580;5;9735714435;B
20240304;100008;579.4;35;9735714439;S
20240304;100008;579.6;4;9735714447;S
20240304;100008;580;2;9735714448;B
20240304;100008;580;1;9735714456;B
20240304;100008;580;2;9735714461;B
20240304;100008;580;2;9735714465;B
20240304;100008;580;30;9735714469;B
20240304;100008;580;1;9735714471;B
20240304;100008;580;2;9735714480;B
20240304;100008;580;1;9735714482;B
20240304;100008;580;1;9735714497;B
20240304;100008;580;1;9735714498;B
20240304;100008;580;2;9735714502;B
20240304;100008;579.65;1;9735714511;S
20240304;100008;580;1;9735714513;B
20240304;100008;579.65;2;9735714517;S
20240304;100008;580;1;9735714549;B
20240304;100008;579.65;2;9735714564;S
20240304;100008;579.65;2;9735714584;S
20240304;100008;580;2;9735714603;B
20240304;100008;579.65;2;9735714619;S
20240304;100008;579.65;19;9735714638;S
20240304;100009;579.65;2;9735714695;S
20240304;100009;579.65;3;9735714741;S
20240304;100009;580;1;9735714742;B
20240304;100009;579.65;2;9735714743;S
20240304;100009;580;2;9735714745;B
20240304;100009;580;56;9735714746;B
20240304;100009;580;1;9735714747;B
20240304;100009;580;1;9735714748;B
20240304;100009;580;2;9735714749;B
20240304;100009;580;1;9735714750;B
20240304;100009;580;5;9735714751;B
20240304;100009;580;2;9735714752;B
20240304;100009;580;2;9735714753;B
20240304;100009;579.65;8;9735714754;S
20240304;100009;580;2;9735714755;B
20240304;100009;580;2;9735714756;B
20240304;100009;580;1;9735714758;B
20240304;100009;579.65;6;9735714760;S
20240304;100009;580;1;9735714761;B
20240304;100009;579.65;1;9735714762;S
20240304;100009;580;1;9735714763;B
20240304;100009;580;1;9735714764;B
20240304;100009;580;2;9735714765;B
20240304;100009;579.65;1;9735714766;S
20240304;100009;580;2;9735714767;B
20240304;100009;580;2;9735714771;B
20240304;100009;580;2;9735714772;B
20240304;100009;579.15;1;9735714773;S
20240304;100009;580;1;9735714774;B
20240304;100009;580;2;9735714775;B
20240304;100009;580;2;9735714776;B
20240304;100009;580;1;9735714777;B
20240304;100009;580;1;9735714778;B
20240304;100009;580;2;9735714779;B
20240304;100009;579.2;2;9735714780;S
20240304;100009;580;1;9735714781;B
20240304;100009;580;1;9735714782;B
20240304;100009;579.2;2;9735714783;S
20240304;100009;580;2;9735714784;B
20240304;100009;579.1;2;9735714785;S
20240304;100009;579.1;2;9735714786;S
20240304;100009;580;2;9735714787;B
20240304;100009;580;8;9735714788;B
20240304;100009;580;1;9735714789;B
20240304;100009;579.15;2;9735714790;S
20240304;100009;580;1;9735714791;B
20240304;100009;580;1;9735714792;B
20240304;100009;580;2;9735714793;B
20240304;100009;580;6;9735714794;B
20240304;100009;580;1;9735714795;B
20240304;100009;580;4;9735714796;B
20240304;100009;580;2;9735714797;B
20240304;100009;579.15;2;9735714800;S
20240304;100009;580;1;9735714801;B
20240304;100009;579.15;1;9735714802;S
20240304;100009;579.15;2;9735714803;S
20240304;100009;579.15;2;9735714805;S
20240304;100009;579.15;2;9735714806;S
20240304;100009;579.15;1;9735714807;S
20240304;100009;580;68;9735714808;B
20240304;100009;580;2;9735714809;B
20240304;100009;580;2;9735714810;B
20240304;100009;580;4;9735714811;B
20240304;100009;580;1;9735714812;B
20240304;100009;580.3;20;9735714813;B
20240304;100009;580.35;3;9735714814;B
20240304;100009;579.15;2;9735714815;S
20240304;100009;580.35;1;9735714816;B
20240304;100009;580.35;2;9735715426;B
20240304;100009;580.35;14;9735715473;B
20240304;100009;580.4;8;9735715474;B
20240304;100009;580.4;158;9735715475;B
20240304;100009;580.4;2;9735715595;B
20240304;100009;580.4;1;9735716049;B
20240304;100009;580.4;3;9735716054;B
20240304;100009;580.45;1;9735716055;B
20240304;100009;580.45;3;9735716059;B
20240304;100009;580.45;1;9735716060;B
20240304;100009;579.5;2;9735716071;S
20240304;100009;580.45;2;9735716078;B
20240304;100009;579.55;1;9735716083;S
20240304;100009;580.4;2;9735716087;B
20240304;100009;579.6;2;9735716122;S
20240304;100009;579.65;2;9735716132;S
20240304;100009;579.65;2;9735716138;S
20240304;100009;579.65;2;9735716148;S
20240304;100009;579.65;1;9735716159;S
20240304;100009;579.65;1;9735716177;S
20240304;100009;580.5;1;9735716192;B
20240304;100009;580.5;1;9735716201;B
20240304;100009;579.65;3;9735716206;S
20240304;100009;580.45;1;9735716230;B
20240304;100009;579.65;2;9735716239;S
20240304;100009;580.45;1;9735716245;B
20240304;100009;580.45;1;9735716250;B
20240304;100009;580.45;8;9735716264;B
20240304;100009;580.45;4;9735716269;B
20240304;100009;579.65;2;9735716277;S
20240304;100009;580.45;8;9735716283;B
20240304;100009;579.65;2;9735716295;S
20240304;100009;580.5;1;9735716307;B
20240304;100009;579.65;1;9735716312;S
20240304;100009;580.5;1;9735716320;B
20240304;100009;579.65;2;9735716335;S
20240304;100009;580.5;1;9735716340;B
20240304;100009;580.5;2;9735716344;B
20240304;100009;580.5;2;9735716345;B
20240304;100009;580.5;2;9735716346;B
20240304;100009;579.5;2;9735716347;S
20240304;100009;580.5;2;9735716348;B
20240304;100009;579.5;2;9735716350;S
20240304;100009;579.5;2;9735716351;S
20240304;100009;579.5;2;9735716352;S
20240304;100009;580.5;2;9735716353;B
20240304;100009;580.5;2;9735716354;B
20240304;100009;579.5;15;9735716355;S
20240304;100009;580.5;1;9735716356;B
20240304;100009;579.55;1;9735716357;S
20240304;100009;579.55;1;9735716358;S
20240304;100009;579.55;23;9735716359;S
20240304;100009;579.55;1;9735716360;S
20240304;100009;580.5;1;9735716361;B
20240304;100009;579.55;2;9735716362;S
20240304;100009;579.55;2;9735716363;S
20240304;100009;580.5;2;9735716364;B
20240304;100009;580.5;2;9735716365;B
20240304;100009;579.6;1;9735716368;S
20240304;100009;580.5;1;9735716369;B
20240304;100009;580.5;2;9735716370;B
20240304;100009;580.5;2;9735716371;B
20240304;100009;580.5;2;9735716372;B
20240304;100009;579.7;2;9735716373;S
20240304;100009;580.5;1;9735716374;B
20240304;100009;579.7;1;9735716377;S
20240304;100009;580.5;1;9735716378;B
20240304;100009;579.7;2;9735716379;S
20240304;100009;579.7;1;9735716380;S
20240304;100009;579.7;2;9735716381;S
20240304;100009;580.5;2;9735716382;B
20240304;100009;580.5;2;9735716385;B
20240304;100009;579.7;2;9735716389;S
20240304;100009;579.7;2;9735716395;S
20240304;100009;579.7;2;9735716404;S
20240304;100009;579.75;2;9735716410;S
20240304;100009;580.5;2;9735716413;B
20240304;100009;579.75;1;9735716424;S
20240304;100009;579.75;2;9735716440;S
20240304;100009;580.5;2;9735716458;B
20240304;100009;580.5;2;9735716511;B
20240304;100010;579.65;2;9735716530;S
20240304;100010;580.5;1;9735716542;B
20240304;100010;580.5;2;9735716548;B
20240304;100010;580.5;2;9735716562;B
20240304;100010;580.5;1;9735716587;B
20240304;100010;580.5;53;9735716615;B
20240304;100010;580.5;1;9735716616;B
20240304;100010;580.5;14;9735716617;B
20240304;100010;580.55;1;9735716618;B
20240304;100010;580.55;16;9735716619;B
20240304;100010;580.55;2;9735716630;B
20240304;100010;579.4;2;9735716663;S
20240304;100010;580.5;1;9735716811;B
20240304;100010;580.2;1;9735716880;B
20240304;100010;579.5;18;9735716896;S
20240304;100010;580.55;2;9735716902;B
20240304;100010;580.5;2;9735716919;B
20240304;100010;580.5;2;9735716929;B
20240304;100010;579.75;2;9735716937;S
20240304;100010;580.5;20;9735716950;B
20240304;100010;580.35;1;9735716985;B
20240304;100010;579.75;2;9735716998;S
20240304;100010;579.4;1;9735717033;S
20240304;100010;579.45;2;9735717036;S
20240304;100010;579.5;1;9735717037;S
20240304;100010;579.4;1;9735717043;S
20240304;100010;580.2;1;9735717045;B
20240304;100010;580.35;2;9735717046;B
20240304;100010;579.5;1;9735717048;S
20240304;100010;579.55;203;9735717052;S
20240304;100010;579.55;3;9735717055;S
20240304;100010;580.35;2;9735717058;B
20240304;100010;580.35;1;9735717059;B
20240304;100010;579.6;2;9735717062;S
20240304;100010;580.35;2;9735717063;B
20240304;100010;580.35;1;9735717066;B
20240304;100010;580.35;2;9735717067;B
20240304;100010;580.35;2;9735717129;B
20240304;100010;580.35;2;9735717131;B
20240304;100010;580.5;2;9735717132;B
20240304;100010;580.5;1;9735717133;B
20240304;100010;580.5;1;9735717136;B
20240304;100010;579.85;2;9735717137;S
20240304;100010;580.5;1;9735717138;B
20240304;100010;579.85;2;9735717142;S
20240304;100010;580.5;1;9735717143;B
20240304;100010;580.5;1;9735717144;B
20240304;100010;579.85;2;9735717145;S
20240304;100010;580.5;6;9735717148;B
20240304;100010;579.85;79;9735717150;S
20240304;100011;579.65;2;9735717862;S
20240304;100011;579.65;2;9735717864;S
20240304;100011;580.25;2;9735717865;B
20240304;100011;580.25;1;9735717866;B
20240304;100011;580.25;1;9735717871;B
20240304;100011;579.65;8;9735717872;S
20240304;100011;579.65;3;9735717874;S
20240304;100011;580.25;1;9735717878;B
20240304;100011;580.25;2;9735717879;B
20240304;100011;580.25;1;9735717880;B
20240304;100011;580.3;1;9735717881;B
20240304;100011;580.3;2;9735717883;B
20240304;100011;579.65;2;9735717884;S
20240304;100011;579.65;5;9735717887;S
20240304;100011;579.65;10;9735717889;S
20240304;100011;580.3;2;9735717890;B
20240304;100011;580.3;3;9735717892;B
20240304;100011;580.3;2;9735717893;B
20240304;100011;579.65;2;9735717894;S
20240304;100011;580.3;1;9735717895;B
20240304;100011;579.65;2;9735717896;S
20240304;100011;580.3;1;9735717897;B
20240304;100011;580.3;20;9735717898;B
20240304;100011;579.65;2;9735717901;S
20240304;100011;579.65;2;9735717903;S
20240304;100011;580.3;2;9735717904;B
20240304;100011;580.3;1;9735717905;B
20240304;100011;580.3;1;9735717907;B
20240304;100011;580.3;3;9735717908;B
20240304;100011;579.65;2;9735717909;S
20240304;100011;580.3;1;9735717910;B
20240304;100011;579.65;4;9735717913;S
20240304;100011;580.3;1;9735717914;B
20240304;100011;580.3;2;9735717917;B
20240304;100011;580.3;1;9735717918;B
20240304;100011;579.65;9;9735717925;S
20240304;100011;580.3;1;9735717926;B
20240304;100011;579.65;1;9735717928;S
20240304;100011;579.65;2;9735717929;S
20240304;100011;579.65;2;9735717933;S
20240304;100011;580.3;1;9735717934;B
20240304;100011;580.3;1;9735717935;B
20240304;100011;580.3;1;9735717936;B
20240304;100011;580.3;10;9735717937;B
20240304;100011;579.65;3;9735717938;S
20240304;100011;580.3;17;9735718019;B
20240304;100011;580.3;94;9735718025;B
20240304;100011;580.2;148;9735718140;B
20240304;100011;580.25;66;9735718141;B
20240304;100011;579.55;5;9735718143;S
20240304;100012;579.9;1;9735718376;B
20240304;100012;580.2;343;9735718377;B
20240304;100012;579.7;1;9735718468;S
20240304;100013;580.25;2;9735719298;B
20240304;100013;580.15;6;9735719516;B
20240304;100013;580.2;4;9735719517;B
20240304;100013;580.15;2;9735719536;B
20240304;100015;580.2;4;9735720556;S
20240304;100016;579.95;67;9735720904;B
20240304;100016;580.35;1;9735720978;B
20240304;100016;579.6;1;9735720982;S
20240304;100016;580.3;121;9735721054;B
20240304;100018;579.75;12;9735721668;S
20240304;100018;579.6;88;9735721669;S
20240304;100018;579.9;1;9735722035;B
20240304;100019;580.2;9;9735722154;B
20240304;100019;579.75;2;9735722278;S
20240304;100019;579.65;58;9735722279;S
20240304;100019;580.1;1;9735722374;B
20240304;100020;579.6;2;9735722501;S
20240304;100020;579.9;1;9735722546;B
20240304;100020;580.15;1;9735722641;B
20240304;100020;580;138;9735722652;S
20240304;100020;579.95;37;9735722653;S
20240304;100020;579.95;138;9735722654;S
20240304;100020;579.9;113;9735722655;S
20240304;100021;580.15;10;9735722867;B
20240304;100022;580.05;1;9735723555;B
20240304;100022;579.75;1;9735723644;S
20240304;100024;580;1;9735724126;B
20240304;100025;580.05;20;9735724499;B
20240304;100025;579.85;5;9735724647;S
20240304;100025;580.1;3;9735724703;B
20240304;100026;580;2;9735725119;B
20240304;100026;579.95;607;9735725136;B
20240304;100026;580;53;9735725137;B
20240304;100028;579.95;60;9735725503;B
20240304;100028;579.95;2;9735725510;B
20240304;100029;579.95;19;9735725848;B
20240304;100030;580;195;9735725984;B
20240304;100030;580.1;12;9735725985;B
20240304;100030;580.1;30;9735726155;B
20240304;100030;580;2;9735726185;S
20240304;100031;580;1;9735726235;S
20240304;100032;580.15;1;9735726824;B
20240304;100032;580.15;2;9735726831;B
20240304;100033;580.15;5;9735726905;B
20240304;100034;580.1;325;9735727149;B
20240304;100034;580.15;8;9735727150;B
20240304;100034;580.05;1;9735727247;S
20240304;100034;580.05;2;9735727248;S
20240304;100035;580.05;3;9735727439;S
20240304;100035;580.15;29;9735727455;B
20240304;100035;580.15;320;9735727456;B
20240304;100035;580.2;300;9735727458;S
20240304;100035;580.2;100;9735727459;S
20240304;100035;580.2;100;9735727461;S
20240304;100035;580.2;100;9735727462;S
20240304;100035;580.35;30;9735727591;B
20240304;100035;580.35;170;9735727592;B
20240304;100035;580.2;2;9735727629;S
20240304;100036;580.2;11;9735727858;S
20240304;100038;580.5;12;9735728595;B
20240304;100039;580.5;18;9735728837;B
20240304;100039;580.55;12;9735728838;B
20240304;100039;580.55;54;9735728839;B
20240304;100040;580.5;31;9735728990;B
20240304;100041;580.25;18;9735729231;S
20240304;100041;580.5;1;9735729334;B
20240304;100041;580.5;80;9735729443;B
20240304;100041;580.55;420;9735729444;B
20240304;100042;580.5;15;9735729666;B
20240304;100042;580.6;1;9735729667;B
20240304;100042;580.6;107;9735729668;B
20240304;100043;580.35;30;9735729809;S
20240304;100043;580.3;5;9735729810;S
20240304;100043;580.25;8;9735729811;S
20240304;100044;580.6;1;9735730222;B
20240304;100044;580.3;30;9735730384;S
20240304;100044;580.25;20;9735730385;S
20240304;100045;580.55;31;9735730449;B
20240304;100045;580.25;74;9735730626;S
20240304;100046;580.6;92;9735731070;B
20240304;100046;580.6;20;9735731071;B
20240304;100046;580.25;18;9735731088;S
20240304;100046;580.25;11;9735731089;S
20240304;100046;580.25;1;9735731090;S
20240304;100046;580.25;14;9735731091;S
20240304;100046;580.25;2;9735731092;S
20240304;100046;580.25;3;9735731093;S
20240304;100047;580.25;99;9735731364;S
20240304;100048;580.55;3;9735731723;B
20240304;100048;580.55;27;9735731739;B
20240304;100048;580.55;114;9735731740;B
20240304;100048;580.6;359;9735731741;B
20240304;100048;580.6;1;9735731774;B
20240304;100049;580.35;6;9735731995;S
20240304;100049;580.25;10;9735731996;S
20240304;100049;580.25;13;9735731997;S
20240304;100049;580.3;1;9735732068;S
20240304;100049;580.6;3;9735732072;B
20240304;100050;580.3;9;9735732096;S
20240304;100050;580.3;20;9735732309;S
20240304;100050;580.3;1;9735732338;B
20240304;100051;580.3;10;9735732484;B
20240304;100051;580.25;5;9735732579;S
20240304;100051;580.25;9;9735732604;S
20240304;100051;580.6;1;9735732744;B
20240304;100052;580.25;3;9735732931;S
20240304;100052;580.6;1;9735732977;B
20240304;100052;580.6;1;9735733112;B
20240304;100053;580.65;1;9735733209;B
20240304;100053;580.65;9;9735733210;B
20240304;100053;580.35;15;9735733360;S
20240304;100054;580.35;15;9735733611;S
20240304;100054;580.35;15;9735733612;S
20240304;100054;580.3;15;9735733613;S
20240304;100054;580.25;107;9735733614;S
20240304;100054;580.25;4;9735733615;S
20240304;100054;580.25;1012;9735733616;S
20240304;100054;580.2;152;9735733617;S
20240304;100054;580.2;4;9735733618;S
20240304;100054;580.2;310;9735733619;S
20240304;100054;580.2;137;9735733620;S
20240304;100054;580.15;138;9735733621;S
20240304;100054;580.15;1;9735733622;S
20240304;100054;580.15;430;9735733623;S
20240304;100055;580.05;520;9735734036;S
20240304;100055;580.05;137;9735734037;S
20240304;100055;580.05;30;9735734038;S
20240304;100055;580;3;9735734039;S
20240304;100055;580;341;9735734040;S
20240304;100055;580.15;1;9735734052;B
20240304;100055;580.15;1;9735734142;B
20240304;100055;580.15;10;9735734154;B
20240304;100056;580.05;10;9735734176;S
20240304;100057;580.1;9;9735734809;B
20240304;100058;580.1;6;9735735160;B
20240304;100058;580.15;28;9735735161;B
20240304;100058;580.15;3;9735735169;B
20240304;100059;580.15;1;9735735528;B
20240304;100101;580.1;2;9735735894;S
20240304;100102;580.1;1;9735736232;S
20240304;100102;580.1;2;9735736233;S
20240304;100102;580.15;5;9735736304;B
20240304;100102;580.15;3;9735736305;B
20240304;100102;580.15;1;9735736306;B
20240304;100102;580.15;3;9735736530;B
20240304;100102;580.15;1;9735736531;B
20240304;100103;580.1;12;9735736735;S
20240304;100103;580.15;2;9735736844;B
20240304;100105;580.1;123;9735737198;S
20240304;100105;580.05;127;9735737199;S
20240304;100105;580.05;9;9735737200;S
20240304;100105;580.05;11;9735737201;S
20240304;100105;580.05;11;9735737202;S
20240304;100105;580;49;9735737203;S
20240304;100105;580.15;2;9735737242;B
20240304;100105;580.15;10;9735737259;B
20240304;100105;580;6;9735737327;S
20240304;100106;580.1;2;9735737435;B
20240304;100106;580.1;2;9735737665;B
20240304;100106;580.1;15;9735737672;B
20240304;100108;580.1;1;9735738046;B
20240304;100108;580.1;1;9735738052;B
20240304;100108;580.1;5;9735738053;B
20240304;100109;580.1;1;9735738262;B
20240304;100109;580.1;4;9735738307;B
20240304;100110;580;4;9735738373;S
20240304;100110;580.1;4;9735738510;B
20240304;100111;580;2;9735738617;S
20240304;100111;580;2;9735738624;S
20240304;100111;580.1;5;9735738640;B
20240304;100113;580.1;2;9735739111;B
20240304;100114;580.05;2;9735739276;B
20240304;100114;580.1;98;9735739277;B
20240304;100114;580;1;9735739321;S
20240304;100114;580.1;5;9735739326;B
20240304;100115;580.1;17;9735739413;B
20240304;100115;580;40;9735739479;S
20240304;100115;580;18;9735739564;S
20240304;100116;580;8;9735739740;S
20240304;100116;580;5;9735739805;S
20240304;100116;580.1;6;9735739837;B
20240304;100116;580;35;9735739839;S
20240304;100116;580.1;4;9735739921;B
20240304;100117;580.1;5;9735739963;B
20240304;100117;580.1;1;9735739989;B
20240304;100118;580.05;1;9735740335;B
20240304;100119;580;200;9735740662;S
20240304;100120;580;100;9735740708;S
20240304;100121;580.05;520;9735740946;B
20240304;100121;580.1;322;9735740947;B
20240304;100121;580.1;300;9735740948;B
20240304;100121;580.1;30;9735740949;B
20240304;100121;580.15;34;9735740950;B
20240304;100121;580.15;794;9735740951;B
20240304;100121;580.1;1;9735741003;B
20240304;100121;580.05;1;9735741055;S
20240304;100121;580.05;2;9735741136;S
20240304;100122;580.05;27;9735741261;S
20240304;100122;580;13;9735741262;S
20240304;100122;580;5;9735741310;S
20240304;100123;580.1;200;9735741395;B
20240304;100123;580;1;9735741596;S
20240304;100124;580;2;9735741684;S
20240304;100125;580.1;3;9735741951;B
20240304;100126;580.1;414;9735742171;B
20240304;100126;580.15;6;9735742172;B
20240304;100126;580;16;9735742214;S
20240304;100126;580;8;9735742297;S
20240304;100127;580.1;7;9735742582;B
20240304;100128;580;27;9735742641;S
20240304;100129;580.05;417;9735742926;S
20240304;100129;580.05;417;9735742934;S
20240304;100129;580.1;4;9735742994;B
20240304;100131;580.05;166;9735743339;S
20240304;100131;580.05;2;9735743340;S
20240304;100131;580.05;2;9735743397;S
20240304;100131;580.05;300;9735743438;B
20240304;100131;580.05;100;9735743490;B
20240304;100132;580.05;10;9735743612;B
20240304;100132;580.05;10;9735743635;B
20240304;100132;580.05;172;9735743682;B
20240304;100133;580.05;1;9735744010;B
20240304;100133;580;7;9735744042;S
20240304;100134;580;6;9735744227;S
20240304;100134;580.05;1;9735744230;B
20240304;100135;580;417;9735744327;S
20240304;100135;580;28;9735744328;S
20240304;100136;580;1;9735744619;S
20240304;100136;580.05;5;9735744646;B
20240304;100136;580.05;3;9735744748;B
20240304;100137;580.05;5;9735744911;B
20240304;100137;580.05;2;9735744924;B
20240304;100137;580.05;10;9735744999;B
20240304;100137;580.05;1;9735745002;B
20240304;100137;580.05;322;9735745007;B
20240304;100137;580;6;9735745012;S
20240304;100138;580.1;102;9735745076;B
20240304;100138;580.1;86;9735745155;B
20240304;100139;580;2;9735745297;S
20240304;100139;580;2;9735745298;S
20240304;100139;580;2;9735745299;S
20240304;100142;580.05;14;9735746049;S
20240304;100142;580.05;30;9735746050;S
20240304;100142;580;3;9735746051;S
20240304;100142;580;10;9735746052;S
20240304;100142;580;43;9735746053;S
20240304;100142;580.1;100;9735746200;B
20240304;100142;580.1;2;9735746284;B
20240304;100142;580.05;1;9735746320;S
20240304;100143;580.05;2;9735746361;S
20240304;100143;580.1;1;9735746456;B
20240304;100144;580.1;1;9735746649;B
20240304;100146;580.05;29;9735747164;S
20240304;100146;580.05;18;9735747194;S
20240304;100146;580.05;3;9735747256;S
20240304;100146;580.05;22;9735747323;S
20240304;100147;580.05;6;9735747357;S
20240304;100148;580.05;4;9735747726;S
20240304;100149;580.05;3;9735747950;S
20240304;100149;580.05;2;9735748015;S
20240304;100149;580.1;1;9735748038;B
20240304;100149;580.05;12;9735748072;S
20240304;100150;580.05;40;9735748125;S
20240304;100150;580.05;13;9735748126;S
20240304;100151;580.1;1;9735748546;B
20240304;100152;580.1;98;9735749062;B
20240304;100152;580.1;2;9735749063;B
20240304;100152;580.05;17;9735749076;S
20240304;100152;580.05;1;9735749077;S
20240304;100152;580.05;5;9735749078;S
20240304;100152;580.05;9;9735749079;S
20240304;100152;580.1;3;9735749083;B
20240304;100153;580.1;2;9735749397;B
20240304;100154;580;50;9735749515;S
20240304;100154;580.1;2;9735749518;B
20240304;100154;580;2;9735749527;S
20240304;100154;580.1;1;9735749547;B
20240304;100155;580.1;1;9735749751;B
20240304;100156;580.1;1;9735750133;B
20240304;100157;580.05;1;9735750255;S
20240304;100157;580;3;9735750256;S
20240304;100157;580.1;1;9735750263;B
20240304;100157;580.1;1;9735750321;B
20240304;100158;580;10;9735750434;S
20240304;100158;580;240;9735750452;S
20240304;100158;580.1;46;9735750657;B
20240304;100158;580.15;100;9735750658;B
20240304;100158;580.3;10;9735750659;B
20240304;100158;580.3;1;9735750660;B
20240304;100158;580.3;30;9735750661;B
20240304;100158;580.45;813;9735750662;B
20240304;100159;580.35;2;9735750699;B
20240304;100159;580.35;100;9735750834;B
20240304;100200;580.35;400;9735750852;B
20240304;100200;580.35;18;9735750856;B
20240304;100200;580.4;100;9735750857;B
20240304;100200;580.4;89;9735750862;B
20240304;100200;580.5;11;9735750863;B
20240304;100200;580.35;40;9735750867;S
20240304;100200;580.5;6;9735750941;B
20240304;100200;580.35;22;9735751016;S
20240304;100201;580.5;20;9735751156;B
20240304;100201;580.5;200;9735751157;B
20240304;100201;580.55;1;9735751254;B
20240304;100201;580.55;1;9735751255;B
20240304;100201;580.35;28;9735751319;S
20240304;100201;580.35;7;9735751320;S
20240304;100203;580.45;28;9735751748;B
20240304;100204;580.6;20;9735752105;B
20240304;100204;580.6;4;9735752106;B
20240304;100204;580.65;1;9735752143;B
20240304;100205;580.65;429;9735752436;B
20240304;100205;580.6;2;9735752546;S
20240304;100205;580.65;1;9735752643;B
20240304;100206;580.65;21;9735752990;B
20240304;100206;580.6;13;9735753002;S
20240304;100207;580.65;1;9735753176;B
20240304;100207;580.6;2;9735753317;S
20240304;100208;580.65;29;9735753342;B
20240304;100208;580.6;28;9735753364;S
20240304;100208;580.6;315;9735753365;S
20240304;100208;580.55;119;9735753366;S
20240304;100208;580.5;28;9735753445;S
20240304;100208;580.5;72;9735753446;S
20240304;100209;580.6;1;9735753590;B
20240304;100210;580.55;1;9735753879;B
20240304;100210;580.6;29;9735753880;B
20240304;100210;580.65;6;9735753881;B
20240304;100210;580.4;1;9735754004;S
20240304;100211;580.4;27;9735754315;S
20240304;100211;580.4;77;9735754316;S
20240304;100212;580.5;18;9735754515;B
20240304;100212;580.35;5;9735754608;S
20240304;100214;580.5;7;9735754951;B
20240304;100214;580.25;10;9735754980;S
20240304;100216;580.25;11;9735755614;S
20240304;100217;580.1;15;9735755884;S
20240304;100218;580.35;2;9735756167;B
20240304;100219;580.35;1;9735756398;B
20240304;100219;580.35;10;9735756429;B
20240304;100220;580.35;17;9735756531;B
20240304;100220;580.4;31;9735756532;B
20240304;100220;580.4;152;9735756533;B
20240304;100221;580.4;30;9735756804;B
20240304;100221;580.4;11;9735756805;B
20240304;100221;580.4;3;9735756806;B
20240304;100221;580.45;56;9735756807;B
20240304;100222;580.45;295;9735756897;B
20240304;100222;580.3;31;9735756943;S
20240304;100222;580.3;150;9735756944;S
20240304;100222;580.25;75;9735756945;S
20240304;100222;580.2;15;9735756946;S
20240304;100222;580.15;32;9735756961;S
20240304;100222;580.1;83;9735756962;S
20240304;100222;580.1;185;9735756963;S
20240304;100222;580.1;30;9735756964;S
20240304;100222;580.05;120;9735756965;S
20240304;100223;580.25;33;9735757206;B
20240304;100223;580.3;7;9735757207;B
20240304;100224;580.3;1;9735757433;B
20240304;100224;580.05;30;9735757435;S
20240304;100224;580.05;70;9735757436;S
20240304;100224;580.3;17;9735757610;B
20240304;100224;580.3;2;9735757717;B
20240304;100225;580;12;9735757923;S
20240304;100227;580.2;10;9735758497;B
20240304;100229;580.15;26;9735759040;S
20240304;100229;580.2;6;9735759218;S
20240304;100230;580.2;15;9735759292;S
20240304;100232;580.3;2;9735760012;B
20240304;100232;580.2;1;9735760063;S
20240304;100233;580.3;20;9735760234;B
20240304;100233;580.3;30;9735760235;B
20240304;100233;580.4;250;9735760236;B
20240304;100233;580.4;7;9735760383;B
20240304;100234;580.4;2;9735760624;B
20240304;100235;580.4;10;9735760836;B
20240304;100236;580.35;1;9735761232;B
20240304;100237;580.25;1;9735761334;S
20240304;100238;580.4;50;9735761552;B
20240304;100238;580.3;2;9735761760;S
20240304;100238;580.3;53;9735761761;S
20240304;100239;580.45;1;9735761838;B
20240304;100239;580.45;51;9735761851;B
20240304;100239;580.45;5;9735761899;B
20240304;100239;580.35;31;9735761971;S
20240304;100239;580.35;69;9735761972;S
20240304;100240;580.3;11;9735762065;S
20240304;100240;580.3;1;9735762066;S
20240304;100240;580.3;47;9735762223;S
20240304;100240;580.4;2;9735762287;B
20240304;100241;580.4;1;9735762345;B
20240304;100241;580.3;2;9735762373;S
20240304;100241;580.3;1;9735762558;S
20240304;100242;580.4;1;9735762575;B
20240304;100242;580.4;2;9735762585;B
20240304;100242;580.4;2;9735762597;B
20240304;100242;580.4;1;9735762691;B
20240304;100242;580.3;30;9735762775;S
20240304;100242;580.4;50;9735762786;B
20240304;100243;580.35;1;9735763172;B
20240304;100244;580.3;4;9735763202;S
20240304;100244;580.3;74;9735763215;S
20240304;100244;580.25;3;9735763216;S
20240304;100244;580.3;3;9735763396;B
20240304;100244;580.35;1;9735763397;B
20240304;100245;580.35;1;9735763516;B
20240304;100245;580.2;1;9735763578;S
20240304;100247;580.3;3;9735763960;B
20240304;100247;580.2;53;9735764117;S
20240304;100247;580.3;10;9735764131;B
20240304;100248;580.3;1;9735764151;B
20240304;100248;580.3;1;9735764248;B
20240304;100248;580.3;202;9735764427;B
20240304;100248;580.35;517;9735764428;B
20240304;100248;580.35;30;9735764429;B
20240304;100248;580.4;580;9735764430;B
20240304;100248;580.4;1;9735764431;B
20240304;100248;580.4;10;9735764432;B
20240304;100248;580.5;100;9735764433;B
20240304;100248;580.5;50;9735764434;B
20240304;100248;580.5;100;9735764435;B
20240304;100248;580.5;410;9735764436;B
20240304;100249;580.45;1;9735764526;B
20240304;100251;580.4;5;9735765040;S
20240304;100251;580.4;16;9735765041;S
20240304;100251;580.4;10;9735765043;S
20240304;100252;580.5;5;9735765295;B
20240304;100252;580.5;4;9735765299;B
20240304;100253;580.5;20;9735765437;B
20240304;100253;580.35;1;9735765560;S
20240304;100253;580.5;5;9735765563;B
20240304;100255;580.5;210;9735765904;B
20240304;100255;580.5;1;9735765905;B
20240304;100255;580.55;30;9735765906;B
20240304;100255;580.55;259;9735765907;B
20240304;100255;580.55;5;9735765952;B
20240304;100255;580.55;2;9735766122;B
20240304;100256;580.4;5;9735766159;S
20240304;100256;580.4;1;9735766311;S
20240304;100257;580.4;4;9735766400;S
20240304;100257;580.4;1;9735766607;S
20240304;100257;580.55;1;9735766608;B
20240304;100258;580.4;3;9735766624;S
20240304;100258;580.4;16;9735766829;S
20240304;100258;580.4;4;9735766830;S
20240304;100300;580.45;2;9735767494;B
20240304;100300;580.45;2;9735767576;B
20240304;100300;580.45;1;9735767630;B
20240304;100300;580.45;1;9735767634;B
20240304;100300;580.35;1;9735767668;S
20240304;100301;580.45;5;9735767925;B
20240304;100301;580.45;1;9735767928;B
20240304;100301;580.35;9;9735768020;S
20240304;100302;580.45;110;9735768138;B
20240304;100302;580.45;1;9735768280;B
20240304;100302;580.45;7;9735768321;B
20240304;100303;580.45;2;9735768455;B
20240304;100303;580.45;11;9735768495;B
20240304;100303;580.45;21;9735768587;B
20240304;100303;580.5;540;9735768588;B
20240304;100303;580.5;1;9735768589;B
20240304;100304;580.45;14;9735768603;S
20240304;100304;580.55;500;9735768751;B
20240304;100305;580.6;50;9735768989;B
20240304;100305;580.6;11;9735768990;B
20240304;100306;580.6;2;9735769071;B
20240304;100306;580.6;7;9735769072;B
20240304;100306;580.6;376;9735769073;B
20240304;100306;580.6;124;9735769165;B
20240304;100307;580.65;42;9735769555;B
20240304;100307;580.65;9;9735769556;B
20240304;100307;580.65;2;9735769618;B
20240304;100308;580.65;1;9735769632;B
20240304;100308;580.6;1;9735769646;S
20240304;100308;580.6;4;9735769687;S
20240304;100308;580.6;1;9735769726;S
20240304;100308;580.6;1;9735769765;S
20240304;100309;580.65;11;9735769913;B
20240304;100309;580.65;2;9735769939;B
20240304;100309;580.6;1;9735769947;S
20240304;100309;580.65;2;9735769948;B
20240304;100309;580.6;22;9735769951;S
20240304;100309;580.6;5;9735769952;S
20240304;100309;580.65;1;9735770027;B
20240304;100311;580.65;3;9735770272;B
20240304;100311;580.65;5;9735770307;B
20240304;100311;580.6;30;9735770483;S
20240304;100311;580.6;65;9735770484;S
20240304;100311;580.55;150;9735770485;S
20240304;100311;580.5;10;9735770486;S
20240304;100311;580.5;2;9735770487;S
20240304;100311;580.5;205;9735770488;S
20240304;100312;580.65;14;9735770655;B
20240304;100312;580.6;2;9735770684;S
20240304;100313;580.7;1;9735770964;B
20240304;100313;580.7;100;9735770965;B
20240304;100313;580.7;2;9735770968;B
20240304;100313;580.75;1;9735770969;B
20240304;100313;580.75;1;9735770970;B
20240304;100313;580.8;1;9735770971;B
20240304;100313;580.8;5;9735770972;B
20240304;100313;580.85;1;9735770973;B
20240304;100313;580.85;7;9735770974;B
20240304;100314;580.9;1;9735771150;B
20240304;100314;580.9;1;9735771151;B
20240304;100314;580.85;64;9735771167;S
20240304;100314;580.8;2;9735771182;S
20240304;100314;580.85;353;9735771208;B
20240304;100314;580.9;121;9735771209;B
20240304;100314;580.95;1;9735771210;B
20240304;100314;580.95;3;9735771211;B
20240304;100314;580.95;10;9735771212;B
20240304;100314;580.95;17;9735771213;B
20240304;100314;580.95;5;9735771214;B
20240304;100314;580.95;9;9735771215;B
20240304;100314;580.95;36;9735771216;B
20240304;100314;580.95;2;9735771217;B
20240304;100314;580.95;112;9735771218;B
20240304;100314;580.95;64;9735771219;B
20240304;100314;580.95;30;9735771220;B
20240304;100314;581;1;9735771221;B
20240304;100314;581;1;9735771222;B
20240304;100314;581;1;9735771223;B
20240304;100314;581;200;9735771224;B
20240304;100314;581;34;9735771225;B
20240304;100314;580.85;6;9735771331;S
20240304;100315;580.85;7;9735771500;B
20240304;100316;580.8;9;9735771625;S
20240304;100316;580.85;1;9735771759;B
20240304;100316;580.85;50;9735771848;B
20240304;100317;580.8;11;9735771898;S
20240304;100317;580.9;40;9735772004;B
20240304;100317;580.9;12;9735772010;B
20240304;100317;580.8;1;9735772156;S
20240304;100318;580.8;1;9735772201;S
20240304;100318;580.8;7;9735772204;S
20240304;100318;580.85;1;9735772296;B
20240304;100318;580.85;204;9735772333;B
20240304;100318;580.9;48;9735772334;B
20240304;100318;580.9;63;9735772335;B
20240304;100318;580.9;1000;9735772336;B
20240304;100318;580.9;6;9735772337;B
20240304;100318;580.9;30;9735772338;B
20240304;100318;580.95;61;9735772339;B
20240304;100318;581;16;9735772340;B
20240304;100318;581;500;9735772341;B
20240304;100318;581;5;9735772342;B
20240304;100318;581;20;9735772343;B
20240304;100318;581;40;9735772344;B
20240304;100318;581;1;9735772345;B
20240304;100318;581;6;9735772346;B
20240304;100318;580.85;10;9735772357;S
20240304;100318;581;8;9735772368;B
20240304;100318;581;1;9735772369;B
20240304;100318;581;15;9735772370;B
20240304;100318;581;10;9735772371;B
20240304;100318;580.95;10;9735772379;B
20240304;100318;581;17;9735772380;B
20240304;100318;581;500;9735772381;B
20240304;100318;581;11;9735772382;B
20240304;100318;581;1;9735772383;B
20240304;100318;581;64;9735772409;S
20240304;100319;581.05;1;9735772503;B
20240304;100319;581;7;9735772528;S
20240304;100319;581.05;50;9735772541;B
20240304;100320;581.05;2;9735772732;B
20240304;100320;581;1;9735772855;S
20240304;100320;581;10;9735772860;S
20240304;100320;581;1;9735772892;S
20240304;100322;581;1;9735773238;S
20240304;100322;581.1;1;9735773392;B
20240304;100322;581.1;25;9735773393;B
20240304;100322;581.05;2;9735773414;S
20240304;100323;581.05;1;9735773440;S
20240304;100323;581.05;1;9735773445;S
20240304;100323;581.1;26;9735773673;B
20240304;100324;581.05;3;9735773706;S
20240304;100324;581.05;1;9735773740;S
20240304;100324;581.05;1;9735773817;S
20240304;100324;581.05;54;9735773974;S
20240304;100324;581.05;30;9735773975;S
20240304;100324;581.05;150;9735773976;S
20240304;100324;581.05;312;9735773977;S
20240304;100324;581;377;9735773978;S
20240304;100324;581;29;9735773979;S
20240304;100325;580.85;2;9735774036;S
20240304;100325;581;31;9735774063;B
20240304;100326;581;10;9735774336;B
20240304;100326;581;1;9735774423;B
20240304;100326;581;120;9735774467;B
20240304;100326;581;29;9735774468;B
20240304;100326;581.1;30;9735774469;B
20240304;100326;581.1;71;9735774470;B
20240304;100326;581.1;105;9735774491;B
20240304;100326;581.15;1;9735774492;B
20240304;100326;581.15;3;9735774493;B
20240304;100326;581.15;5;9735774494;B
20240304;100326;581.2;1;9735774495;B
20240304;100326;581.25;1;9735774496;B
20240304;100326;581.25;8;9735774497;B
20240304;100326;581.25;6;9735774498;B
20240304;100326;581.25;10;9735774499;B
20240304;100326;581.25;62;9735774500;B
20240304;100326;581.25;32;9735774501;B
20240304;100326;581.3;1;9735774502;B
20240304;100326;581.3;10;9735774503;B
20240304;100326;581.3;137;9735774504;B
20240304;100326;581.3;227;9735774505;B
20240304;100326;581.3;30;9735774506;B
20240304;100326;581.35;1;9735774507;B
20240304;100326;581.35;100;9735774508;B
20240304;100326;581.35;137;9735774509;B
20240304;100326;581.35;94;9735774510;B
20240304;100327;581.3;66;9735774630;B
20240304;100327;581.3;2;9735774708;B
20240304;100327;581.15;2;9735774777;S
20240304;100327;581.3;1;9735774785;B
20240304;100328;581.2;1;9735774915;B
20240304;100329;581.1;30;9735774965;S
20240304;100329;581.05;3;9735774966;S
20240304;100330;581.2;20;9735775196;B
20240304;100330;581.1;6;9735775227;S
20240304;100331;581.15;5;9735775474;S
20240304;100331;581.25;342;9735775545;B
20240304;100331;581.3;61;9735775546;B
20240304;100331;581.3;3;9735775547;B
20240304;100331;581.35;394;9735775548;B
20240304;100333;581.35;2;9735776012;B
20240304;100334;581.15;2;9735776273;S
20240304;100334;581.35;2;9735776290;B
20240304;100336;581.15;2;9735776566;S
20240304;100338;581.15;1;9735777049;S
20240304;100339;581.35;28;9735777217;B
20240304;100339;581.4;1;9735777218;B
20240304;100339;581.4;2;9735777219;B
20240304;100339;581.4;17;9735777220;B
20240304;100339;581.4;1;9735777272;B
20240304;100339;581.15;3;9735777342;S
20240304;100341;581.4;1;9735777864;B
20240304;100344;581.35;1;9735778524;B
20240304;100344;581.35;2;9735778576;B
20240304;100344;581.35;5;9735778619;B
20240304;100344;581.3;1;9735778642;S
20240304;100345;581.2;2;9735778732;S
20240304;100345;581.35;18;9735778735;B
20240304;100345;581.4;5;9735778736;B
20240304;100345;581.4;59;9735778737;B
20240304;100345;581.4;11;9735778738;B
20240304;100345;581.4;417;9735778739;S
20240304;100345;581.4;219;9735778740;S
20240304;100345;581.45;1;9735778797;B
20240304;100345;581.45;2;9735778798;B
20240304;100346;581.4;112;9735779123;S
20240304;100347;581.4;2;9735779206;S
20240304;100347;581.4;1;9735779273;S
20240304;100347;581.45;200;9735779291;B
20240304;100347;581.45;1;9735779308;B
20240304;100347;581.4;3;9735779325;S
20240304;100348;581.45;5;9735779513;B
20240304;100349;581.4;153;9735779681;S
20240304;100349;581.4;76;9735779682;S
20240304;100349;581.35;59;9735779683;S
20240304;100349;581.3;212;9735779684;S
20240304;100349;581.4;1;9735779790;B
20240304;100349;581.4;1;9735779792;B
20240304;100350;581.3;30;9735779877;S
20240304;100350;581.3;400;9735779878;S
20240304;100350;581.1;6;9735779916;S
20240304;100350;581.25;10;9735780010;B
20240304;100351;581.25;20;9735780104;B
20240304;100351;581.3;10;9735780105;B
20240304;100352;581.3;16;9735780375;B
20240304;100353;581.15;59;9735780502;S
20240304;100353;581.15;25;9735780503;S
20240304;100353;581.15;116;9735780504;S
20240304;100353;581.1;24;9735780603;S
20240304;100353;581.05;500;9735780604;S
20240304;100353;581.05;5;9735780605;S
20240304;100353;581.05;32;9735780606;S
20240304;100353;581.05;30;9735780607;S
20240304;100353;581.05;166;9735780608;B
20240304;100353;581.05;2;9735780613;B
20240304;100353;581.05;1;9735780672;B
20240304;100353;581.05;50;9735780673;B
20240304;100354;581.05;2;9735780883;B
20240304;100355;581;1;9735781084;S
20240304;100355;581.05;7;9735781096;B
20240304;100355;581.05;1;9735781098;B
20240304;100357;581.05;1;9735781462;B
20240304;100358;581.05;1;9735781517;B
20240304;100358;581;1;9735781684;S
20240304;100359;580.85;1;9735781858;S
20240304;100359;580.85;25;9735781876;S
20240304;100400;581;32;9735782132;B
20240304;100400;581;30;9735782133;B
20240304;100400;581.05;85;9735782134;B
20240304;100401;580.95;1;9735782310;S
20240304;100401;581.05;499;9735782443;B
20240304;100402;581.05;20;9735782459;B
20240304;100402;581.05;10;9735782684;B
20240304;100403;580.95;1;9735782815;S
20240304;100403;580.85;1;9735782816;S
20240304;100403;581.05;5;9735782835;B
20240304;100403;581.05;10;9735783028;B
20240304;100405;581.05;2;9735783488;B
20240304;100406;580.8;10;9735783763;S
20240304;100408;580.85;1;9735784321;S
20240304;100409;581;1;9735784405;B
20240304;100410;581;5;9735784624;B
20240304;100410;581;1;9735784729;B
20240304;100411;581;3;9735784973;B
20240304;100412;581;2;9735785303;S
20240304;100412;580.95;36;9735785304;S
20240304;100412;581.05;3;9735785353;B
20240304;100413;581.05;44;9735785586;B
20240304;100413;581.05;369;9735785587;B
20240304;100413;581.05;3;9735785653;B
20240304;100414;581;3;9735785896;S
20240304;100414;581.05;102;9735786172;B
20240304;100414;581.05;5;9735786209;B
20240304;100414;581;3;9735786227;S
20240304;100414;581.05;41;9735786267;B
20240304;100414;581.05;1;9735786268;B
20240304;100414;581.1;8;9735786269;B
20240304;100415;581.1;39;9735786547;B
20240304;100415;581.1;6;9735786555;B
20240304;100415;581.05;55;9735786605;S
20240304;100415;581.1;67;9735786631;B
20240304;100415;581.05;4;9735786641;S
20240304;100415;581.1;3;9735786643;B
20240304;100415;581.1;7;9735786665;B
20240304;100415;581.1;14;9735786666;B
20240304;100415;581.1;2;9735786667;B
20240304;100415;581.1;241;9735786705;B
20240304;100416;581.1;1;9735786807;B
20240304;100416;581.1;37;9735786835;B
20240304;100416;581.15;1;9735786836;B
20240304;100416;581.15;662;9735786837;B
20240304;100416;581.1;1;9735786857;B
20240304;100416;581.1;2;9735786896;B
20240304;100416;581.1;1;9735786912;B
20240304;100416;581.05;371;9735786913;S
20240304;100416;581.05;89;9735786914;S
20240304;100416;581.05;40;9735786915;S
20240304;100416;581.1;1;9735786962;B
20240304;100417;581.05;3;9735787017;S
20240304;100417;581.1;6;9735787018;B
20240304;100417;581.1;2;9735787107;B
20240304;100417;581.1;8;9735787108;B
20240304;100417;581.1;327;9735787137;B
20240304;100417;581.1;3;9735787206;B
20240304;100417;581.05;1;9735787255;S
20240304;100418;581.1;344;9735787498;B
20240304;100418;581.15;12;9735787576;B
20240304;100418;581.15;2;9735787577;B
20240304;100418;581.15;2;9735787595;B
20240304;100418;581.15;2;9735787622;B
20240304;100418;581.15;2;9735787623;B
20240304;100418;581.15;38;9735787635;B
20240304;100418;581.15;2;9735787668;B
20240304;100419;581.15;1;9735787723;B
20240304;100419;581.15;7;9735787748;B
20240304;100419;581.15;4;9735787985;B
20240304;100419;581.25;3;9735787986;B
20240304;100419;581.25;13;9735787987;B
20240304;100420;581.1;30;9735788224;S
20240304;100420;581.1;4;9735788225;S
20240304;100421;581.1;1;9735788265;S
20240304;100421;581.25;2;9735788272;B
20240304;100421;581.2;1;9735788277;B
20240304;100421;581.25;2;9735788278;B
20240304;100421;581.1;28;9735788523;S
20240304;100422;581.2;2;9735788595;B
20240304;100422;581.2;4;9735788601;B
20240304;100423;581.2;22;9735788821;B
20240304;100423;581.25;22;9735788822;B
20240304;100423;581.1;1;9735788832;S
20240304;100423;581.25;1;9735788893;B
20240304;100425;581.1;2;9735789624;S
20240304;100425;581.25;2;9735789651;B
20240304;100425;581.2;2;9735789694;B
20240304;100425;581.25;1;9735789695;B
20240304;100425;581.25;1;9735789698;B
20240304;100425;581.25;39;9735789756;B
20240304;100425;581.1;1;9735789830;S
20240304;100426;581.1;5;9735789926;S
20240304;100426;581.1;1;9735789942;S
20240304;100426;581.25;1;9735789984;B
20240304;100426;581.25;2;9735790009;B
20240304;100427;581.1;20;9735790210;S
20240304;100427;581.1;80;9735790211;S
20240304;100430;581.25;6;9735790904;B
20240304;100430;581.25;1;9735790909;B
20240304;100430;581.25;1;9735790927;B
20240304;100430;581.25;6;9735791019;B
20240304;100430;581.25;23;9735791044;B
20240304;100430;581.2;79;9735791055;S
20240304;100430;581.2;50;9735791078;S
20240304;100430;581.25;3;9735791079;B
20240304;100430;581.2;18;9735791087;S
20240304;100430;581.2;31;9735791107;S
20240304;100431;581.25;1;9735791152;B
20240304;100431;581.25;1;9735791231;B
20240304;100431;581.25;14;9735791232;B
20240304;100431;581.25;5;9735791366;B
20240304;100432;581.25;16;9735791663;B
20240304;100432;581.2;3;9735791682;S
20240304;100433;581.25;680;9735791783;B
20240304;100433;581.25;1;9735791784;B
20240304;100433;581.3;270;9735791785;B
20240304;100433;581.3;30;9735791786;B
20240304;100433;581.4;18;9735791787;B
20240304;100433;581.4;1;9735791788;B
20240304;100433;581.25;1;9735791835;S
20240304;100433;581.35;3;9735791855;B
20240304;100433;581.35;23;9735791915;B
20240304;100433;581.4;8;9735791916;B
20240304;100433;581.4;10;9735791917;B
20240304;100433;581.45;19;9735791918;B
20240304;100434;581.25;1;9735792004;S
20240304;100435;581.25;15;9735792327;S
20240304;100436;581.4;1;9735792476;B
20240304;100436;581.45;9;9735792477;B
20240304;100436;581.3;54;9735792493;B
20240304;100436;581.3;2;9735792572;B
20240304;100437;581.25;50;9735792653;S
20240304;100437;581.25;301;9735792691;S
20240304;100437;581.25;30;9735792692;S
20240304;100437;581.25;17;9735792693;S
20240304;100437;581.2;119;9735792694;S
20240304;100437;581.2;54;9735792695;S
20240304;100437;581.2;273;9735792696;S
20240304;100437;581.1;430;9735792697;S
20240304;100437;581.1;28;9735792698;S
20240304;100437;581;4;9735792699;S
20240304;100437;581;2000;9735792700;S
20240304;100437;581;1;9735792701;S
20240304;100437;581;1;9735792702;S
20240304;100437;581;20;9735792703;S
20240304;100437;581;1722;9735792706;B
20240304;100437;581;2;9735792707;B
20240304;100439;581.05;1;9735793032;S
20240304;100439;581;2;9735793033;S
20240304;100440;581;2;9735793275;S
20240304;100440;581;29;9735793276;S
20240304;100440;581.1;10;9735793304;B
20240304;100441;580.95;3;9735793366;S
20240304;100441;581.1;5;9735793393;B
20240304;100441;581;1;9735793581;S
20240304;100442;580.85;2;9735793686;S
20240304;100443;581.1;5;9735793930;B
20240304;100445;580.9;2;9735794424;S
20240304;100445;580.85;2;9735794425;S
20240304;100446;581;1;9735794567;B
20240304;100446;581.05;23;9735794568;B
20240304;100446;580.85;2;9735794619;S
20240304;100447;581;1;9735794808;B
20240304;100447;581;25;9735794809;B
20240304;100447;581;74;9735794810;B
20240304;100448;581;1;9735795127;B
20240304;100448;581.05;4;9735795128;B
20240304;100450;581.05;6;9735795513;B
20240304;100451;581.05;10;9735795642;B
20240304;100451;581.1;2;9735795643;B
20240304;100451;581.1;8;9735795644;B
20240304;100452;581;5;9735795916;S
20240304;100452;581.1;1;9735795946;B
20240304;100454;581;9;9735796402;S
20240304;100454;581.1;1;9735796525;B
20240304;100454;581.1;15;9735796526;B
20240304;100456;581.05;10;9735797056;S
20240304;100456;581.15;34;9735797085;B
20240304;100456;581.05;1;9735797162;S
20240304;100456;581.25;1;9735797180;B
20240304;100456;581.25;1;9735797181;B
20240304;100456;581.3;29;9735797182;B
20240304;100456;581.15;100;9735797207;B
20240304;100457;581.25;1;9735797330;B
20240304;100457;581.05;10;9735797557;S
20240304;100458;581.05;1;9735797623;S
20240304;100500;581.15;3;9735798177;S
20240304;100500;581.3;5;9735798271;B
20240304;100500;581.3;1;9735798332;B
20240304;100501;581.3;9;9735798632;B
20240304;100501;581.25;9;9735798637;S
20240304;100501;581.4;18;9735798914;B
20240304;100502;581.4;5;9735799045;B
20240304;100502;581.4;2;9735799191;B
20240304;100502;581.4;2;9735799259;B
20240304;100503;581.4;10;9735799272;B
20240304;100503;581.4;2;9735799286;B
20240304;100504;581.2;9;9735799708;S
20240304;100504;581.2;19;9735799709;S
20240304;100505;581.15;30;9735799925;S
20240304;100505;581.15;138;9735799926;S
20240304;100505;581.3;1;9735799992;B
20240304;100506;581.3;1;9735800200;B
20240304;100508;581.25;3;9735800623;B
20240304;100508;581.3;21;9735800624;B
20240304;100508;581.35;1;9735800648;B
20240304;100509;581.15;2;9735800815;S
20240304;100513;581.35;19;9735802205;B
20240304;100513;581.4;26;9735802206;B
20240304;100515;581.3;1;9735802498;S
20240304;100515;581.4;1;9735802678;B
20240304;100515;581.3;3;9735802751;S
20240304;100516;581.4;1;9735803080;B
20240304;100516;581.3;133;9735803125;S
20240304;100516;581.3;48;9735803126;S
20240304;100516;581.25;262;9735803127;S
20240304;100516;581.25;137;9735803128;S
20240304;100516;581.2;137;9735803129;S
20240304;100516;581.2;33;9735803130;S
20240304;100516;581.15;200;9735803131;S
20240304;100516;581.1;30;9735803132;S
20240304;100516;581.1;20;9735803133;S
20240304;100516;581.3;5;9735803242;B
20240304;100517;581.3;25;9735803337;B
20240304;100517;581.35;10;9735803338;B
20240304;100517;581.15;33;9735803427;S
20240304;100517;581.1;24;9735803428;S
20240304;100517;581.1;4;9735803429;S
20240304;100518;581.25;1;9735803585;B
20240304;100518;581.25;2;9735803737;B
20240304;100518;581.15;1;9735803745;S
20240304;100518;581.15;33;9735803746;S
20240304;100519;581.25;5;9735803799;B
20240304;100519;581.25;2;9735803908;B
20240304;100519;581.1;6;9735803989;S
20240304;100519;581.1;24;9735803990;S
20240304;100520;581.1;1;9735804154;S
20240304;100521;581.15;1;9735804524;S
20240304;100522;581.1;3;9735804564;S
20240304;100523;581.1;2;9735804838;S
20240304;100523;581.25;3;9735804920;B
20240304;100524;581.25;4;9735804976;B
20240304;100524;581.25;2;9735805051;B
20240304;100525;581.25;2;9735805151;B
20240304;100525;581.25;12;9735805163;B
20240304;100525;581.25;5;9735805164;B
20240304;100525;581.3;3;9735805165;B
20240304;100525;581.3;1;9735805167;B
20240304;100525;581.25;5;9735805274;B
20240304;100525;581.3;23;9735805275;B
20240304;100525;581.35;40;9735805276;B
20240304;100525;581.35;132;9735805277;B
20240304;100526;581.2;3;9735805371;S
20240304;100526;581.35;1;9735805435;B
20240304;100526;581.35;1;9735805549;B
20240304;100527;581.35;2;9735805565;B
20240304;100527;581.2;4;9735805597;S
20240304;100527;581.35;20;9735805628;B
20240304;100527;581.2;22;9735805685;S
20240304;100527;581.15;259;9735805686;S
20240304;100527;581.1;170;9735805687;S
20240304;100527;581.05;30;9735805688;S
20240304;100527;581.05;147;9735805689;S
20240304;100527;581;586;9735805690;S
20240304;100527;581;5;9735805691;S
20240304;100527;581;2;9735805692;S
20240304;100527;581;300;9735805693;S
20240304;100527;581;5;9735805694;S
20240304;100527;581;430;9735805695;S
20240304;100527;581;600;9735805696;S
20240304;100527;581;1;9735805697;S
20240304;100528;580.95;2;9735805753;S
20240304;100528;580.95;1;9735805852;S
20240304;100529;581;12;9735805927;B
20240304;100529;580.95;5;9735805966;S
20240304;100529;580.95;2;9735805981;S
20240304;100529;580.95;30;9735806095;S
20240304;100530;580.85;1;9735806206;S
20240304;100530;580.85;6;9735806207;S
20240304;100531;580.95;25;9735806428;B
20240304;100532;581;1;9735806649;B
20240304;100533;581;1;9735806894;B
20240304;100533;581;32;9735807039;B
20240304;100533;581;20;9735807155;B
20240304;100534;581;2;9735807247;B
20240304;100534;581;1;9735807253;B
20240304;100536;580.95;1;9735807595;S
20240304;100536;580.95;4;9735807596;S
20240304;100537;581;1;9735807851;B
20240304;100537;580.9;3;9735807912;S
20240304;100537;580.85;4;9735807965;S
20240304;100538;580.85;1;9735807994;S
20240304;100538;580.85;11;9735808144;S
20240304;100539;580.95;5;9735808347;S
20240304;100539;580.95;35;9735808354;S
20240304;100539;581;2;9735808373;B
20240304;100539;581;36;9735808377;B
20240304;100540;581;1;9735808401;B
20240304;100540;581;200;9735808556;B
20240304;100540;580.95;1;9735808567;S
20240304;100541;581;3;9735808731;B
20240304;100541;581;7;9735808794;B
20240304;100541;581;10;9735808863;B
20240304;100541;580.95;9;9735808867;S
20240304;100541;580.85;1;9735808868;S
20240304;100542;581;5;9735808890;B
20240304;100542;580.95;33;9735808975;S
20240304;100543;580.8;6;9735809277;S
20240304;100543;580.9;16;9735809380;B
20240304;100544;580.85;1;9735809701;S
20240304;100544;580.85;36;9735809702;S
20240304;100545;580.9;300;9735809870;B
20240304;100545;580.85;1;9735810011;S
20240304;100545;580.9;3;9735810032;B
20240304;100545;580.9;1;9735810052;B
20240304;100546;580.9;50;9735810311;B
20240304;100546;580.9;1;9735810426;B
20240304;100546;580.85;70;9735810471;S
20240304;100547;580.9;3;9735810495;B
20240304;100547;580.9;173;9735810578;B
20240304;100547;580.85;2;9735810615;S
20240304;100547;580.9;2;9735810684;B
20240304;100548;580.9;4;9735810722;B
20240304;100548;580.9;1;9735810775;B
20240304;100548;580.9;11;9735810786;B
20240304;100549;580.9;120;9735811061;B
20240304;100549;580.9;16;9735811134;B
20240304;100549;580.9;2;9735811160;B
20240304;100550;580.85;3;9735811237;S
20240304;100550;580.85;10;9735811246;S
20240304;100551;580.9;1;9735811533;B
20240304;100552;580.9;6;9735811661;B
20240304;100552;580.9;1;9735811773;B
20240304;100555;580.9;256;9735812490;B
20240304;100555;580.9;200;9735812491;B
20240304;100555;580.95;4;9735812492;B
20240304;100555;580.95;1;9735812493;B
20240304;100555;580.95;1;9735812494;B
20240304;100555;581;138;9735812495;B
20240304;100555;580.95;70;9735812517;S
20240304;100556;581;1;9735812580;B
20240304;100556;581;1;9735812714;B
20240304;100558;581;100;9735813090;B
20240304;100558;581;3;9735813119;B
20240304;100600;581;1;9735813419;B
20240304;100600;581;1;9735813463;B
20240304;100600;581;10;9735813510;B
20240304;100600;581;800;9735813567;B
20240304;100601;581;1;9735813743;B
20240304;100602;581;3;9735814136;B
20240304;100603;581;1;9735814246;B
20240304;100603;581;2;9735814273;B
20240304;100603;580.9;4;9735814380;S
20240304;100604;581;1;9735814509;B
20240304;100604;580.95;3;9735814528;S
20240304;100605;581;20;9735814793;B
20240304;100605;580.9;2;9735814877;S
20240304;100606;581;3;9735815010;B
20240304;100606;580.9;2;9735815136;S
20240304;100606;581;24;9735815147;B
20240304;100607;580.9;1;9735815201;S
20240304;100607;580.9;15;9735815202;S
20240304;100607;581;5;9735815280;B
20240304;100608;581;1;9735815547;B
20240304;100609;581;100;9735815669;B
20240304;100609;581;1;9735815719;B
20240304;100610;581;4;9735816008;B
20240304;100610;581;20;9735816149;B
20240304;100610;581;1;9735816203;B
20240304;100611;580.9;37;9735816235;S
20240304;100611;580.9;35;9735816245;S
20240304;100611;581;100;9735816270;B
20240304;100611;581;2;9735816411;B
20240304;100612;581;5;9735816496;B
20240304;100612;581;100;9735816609;B
20240304;100614;580.9;1;9735817077;S
20240304;100615;580.95;37;9735817282;B
20240304;100615;580.9;1;9735817301;S
20240304;100615;580.95;2;9735817307;B
20240304;100615;580.95;2;9735817326;B
20240304;100615;580.95;2;9735817427;B
20240304;100616;580.9;3;9735817725;S
20240304;100617;580.95;1;9735817846;B
20240304;100618;580.95;1;9735818220;B
20240304;100618;580.95;3;9735818316;B
20240304;100618;580.95;2;9735818476;B
20240304;100619;580.9;4;9735818541;S
20240304;100620;580.95;1;9735819078;B
20240304;100622;580.9;2;9735819511;S
20240304;100622;580.9;4;9735819546;S
20240304;100623;580.9;13;9735819560;S
20240304;100623;580.9;290;9735819561;S
20240304;100623;580.9;10;9735819562;S
20240304;100623;580.85;1;9735819563;S
20240304;100623;580.85;3;9735819564;S
20240304;100623;580.85;60;9735819565;S
20240304;100623;580.8;294;9735819566;S
20240304;100623;580.8;6;9735819567;S
20240304;100623;580.8;30;9735819568;S
20240304;100623;580.8;20;9735819569;S
20240304;100623;580.75;28;9735819570;S
20240304;100623;580.7;1;9735819571;S
20240304;100623;580.7;60;9735819572;S
20240304;100623;580.65;500;9735819573;S
20240304;100623;580.6;70;9735819574;S
20240304;100623;580.6;2;9735819575;S
20240304;100623;580.6;112;9735819576;S
20240304;100623;580.65;1;9735819585;S
20240304;100623;580.85;27;9735819593;B
20240304;100623;580.85;100;9735819618;B
20240304;100624;580.7;5;9735819796;B
20240304;100626;580.65;5;9735820252;B
20240304;100627;580.65;10;9735820431;B
20240304;100628;580.6;47;9735820726;S
20240304;100628;580.55;34;9735820727;S
20240304;100628;580.55;59;9735820728;S
20240304;100628;580.55;280;9735820729;S
20240304;100629;580.65;1;9735821009;B
20240304;100630;580.65;2;9735821240;B
20240304;100630;580.65;1;9735821313;B
20240304;100631;580.65;1;9735821539;B
20240304;100631;580.65;117;9735821542;B
20240304;100631;580.7;495;9735821543;B
20240304;100631;580.7;137;9735821544;B
20240304;100631;580.7;59;9735821545;B
20240304;100631;580.7;30;9735821546;B
20240304;100631;580.75;137;9735821547;B
20240304;100631;580.75;29;9735821548;B
20240304;100631;580.9;176;9735821549;B
20240304;100631;580.9;4;9735821550;B
20240304;100631;580.95;4;9735821551;B
20240304;100631;580.95;748;9735821552;B
20240304;100631;580.95;1;9735821553;B
20240304;100631;581;660;9735821554;B
20240304;100631;581;50;9735821555;B
20240304;100631;581;1155;9735821556;B
20240304;100631;581;1;9735821557;B
20240304;100631;581;1;9735821558;B
20240304;100631;581;19;9735821559;B
20240304;100631;581;1;9735821560;B
20240304;100631;581;2;9735821561;B
20240304;100631;581;300;9735821562;B
20240304;100631;581;120;9735821563;B
20240304;100631;581;150;9735821564;B
20240304;100631;581;9;9735821565;B
20240304;100631;581;21;9735821566;B
20240304;100631;581;100;9735821567;B
20240304;100631;581;1;9735821568;B
20240304;100631;581.05;1500;9735821569;B
20240304;100631;581.15;10;9735821570;B
20240304;100631;581.15;50;9735821571;B
20240304;100631;581.15;430;9735821572;B
20240304;100631;581.2;1;9735821573;B
20240304;100631;581.25;300;9735821574;B
20240304;100631;581.3;50;9735821575;B
20240304;100631;581.3;232;9735821576;B
20240304;100631;580.9;2;9735821619;B
20240304;100632;580.85;28;9735821788;B
20240304;100632;580.9;135;9735821789;B
20240304;100632;580.95;137;9735821790;B
20240304;100632;581;137;9735821791;B
20240304;100632;581;58;9735821792;B
20240304;100632;581.2;30;9735821793;B
20240304;100632;581.25;256;9735821794;B
20240304;100632;581.25;150;9735821795;B
20240304;100632;581.3;69;9735821796;B
20240304;100633;581;6;9735822029;B
20240304;100633;581;1;9735822164;B
20240304;100633;581;3;9735822190;B
20240304;100634;581;4;9735822370;B
20240304;100635;581;1;9735822491;B
20240304;100635;581.05;2;9735822498;S
20240304;100636;581.1;2;9735822704;B
20240304;100638;581.1;3;9735823226;B
20240304;100639;581.1;2;9735823331;B
20240304;100639;581.05;1;9735823381;S
20240304;100642;581.25;1;9735824153;B
20240304;100642;581.1;35;9735824178;S
20240304;100643;581.05;1;9735824329;S
20240304;100643;581;1;9735824429;S
20240304;100644;581;1;9735824553;S
20240304;100645;581;1;9735824909;S
20240304;100645;580.95;228;9735824910;S
20240304;100645;580.9;30;9735824911;S
20240304;100645;580.9;265;9735824912;S
20240304;100645;580.85;35;9735824913;S
20240304;100645;580.85;55;9735824914;S
20240304;100645;580.7;386;9735824915;S
20240304;100645;580.65;3;9735824931;S
20240304;100645;580.8;120;9735824934;B
20240304;100645;580.8;37;9735824935;B
20240304;100645;580.9;54;9735824936;B
20240304;100645;581;88;9735824937;S
20240304;100645;581;1;9735824938;S
20240304;100645;580.75;1;9735824953;S
20240304;100646;581.05;3;9735825080;B
20240304;100646;580.75;29;9735825221;S
20240304;100646;580.7;37;9735825222;S
20240304;100646;580.65;457;9735825223;S
20240304;100646;580.65;263;9735825224;S
20240304;100646;580.6;14;9735825225;S
20240304;100647;580.75;35;9735825417;B
20240304;100648;580.75;1;9735825690;B
20240304;100650;580.8;1;9735826160;B
20240304;100650;580.8;1;9735826207;S
20240304;100652;580.8;4;9735826562;B
20240304;100652;580.8;12;9735826737;B
20240304;100653;580.8;53;9735826795;S
20240304;100653;580.75;30;9735826796;S
20240304;100653;580.75;258;9735826797;S
20240304;100653;580.7;38;9735826798;S
20240304;100653;580.65;137;9735826799;S
20240304;100653;580.65;230;9735826800;S
20240304;100653;580.65;430;9735826801;S
20240304;100653;580.6;137;9735826802;S
20240304;100653;580.55;8;9735826803;S
20240304;100653;580.55;137;9735826804;S
20240304;100653;580.5;5;9735826805;S
20240304;100653;580.5;12;9735826806;S
20240304;100653;580.5;1;9735826807;S
20240304;100653;580.5;1;9735826808;S
20240304;100653;580.5;4;9735826809;S
20240304;100653;580.5;5;9735826810;S
20240304;100653;580.5;64;9735826811;S
20240304;100653;580.45;1;9735826812;S
20240304;100653;580.45;449;9735826813;S
20240304;100654;580.6;1;9735827131;B
20240304;100654;580.85;40;9735827139;B
20240304;100654;580.6;1;9735827161;S
20240304;100654;580.6;3;9735827173;S
20240304;100654;580.6;26;9735827182;S
20240304;100654;580.6;30;9735827205;S
20240304;100655;580.6;30;9735827274;S
20240304;100655;580.6;41;9735827275;S
20240304;100655;580.6;49;9735827276;B
20240304;100655;580.8;1;9735827351;B
20240304;100655;580.65;18;9735827354;S
20240304;100655;580.65;2;9735827374;S
20240304;100655;580.8;1;9735827462;S
20240304;100656;580.65;7;9735827641;S
20240304;100701;580.75;40;9735828764;B
20240304;100701;580.8;120;9735828765;B
20240304;100701;580.8;17;9735828766;B
20240304;100702;580.6;2;9735828937;S
20240304;100702;580.6;8;9735828956;S
20240304;100702;580.75;30;9735828970;B
20240304;100702;580.8;120;9735828971;B
20240304;100702;580.85;51;9735828972;B
20240304;100702;580.9;100;9735828973;B
20240304;100702;580.95;1;9735828974;B
20240304;100702;580.95;30;9735828975;B
20240304;100702;581;137;9735828976;B
20240304;100702;581.05;2;9735828977;B
20240304;100702;581.05;137;9735828978;B
20240304;100702;581.1;137;9735828979;B
20240304;100702;581.1;430;9735828980;B
20240304;100702;581.2;150;9735828981;B
20240304;100702;581.25;385;9735828982;B
20240304;100702;581.3;1;9735828983;B
20240304;100702;581.3;1;9735828984;B
20240304;100702;581.3;288;9735828985;B
20240304;100703;580.95;12;9735829279;S
20240304;100705;581.25;19;9735829892;B
20240304;100708;581.3;10;9735830420;B
20240304;100708;581.3;18;9735830421;B
20240304;100709;581.25;1;9735830659;B
20240304;100709;581.3;2;9735830811;B
20240304;100711;581.1;1;9735831022;S
20240304;100711;581.1;1;9735831027;S
20240304;100711;581;1;9735831028;S
20240304;100711;581.25;1;9735831235;B
20240304;100711;581.35;1;9735831236;B
20240304;100711;581.35;5;9735831300;B
20240304;100711;581.35;18;9735831301;B
20240304;100711;581.35;50;9735831302;B
20240304;100711;581.4;629;9735831303;B
20240304;100713;581.4;1;9735831955;B
20240304;100713;581.4;1;9735831994;B
20240304;100713;581.4;1;9735831995;B
20240304;100713;581.4;2;9735831996;B
20240304;100714;581.25;1;9735832290;S
20240304;100714;581.25;9;9735832291;S
20240304;100715;581.25;10;9735832421;S
20240304;100716;581.4;1;9735832763;B
20240304;100717;581.4;1;9735832944;B
20240304;100717;581.4;1;9735832991;B
20240304;100719;581.3;1;9735833372;B
20240304;100719;581.3;5;9735833387;B
20240304;100719;581.3;1;9735833401;B
20240304;100720;581.3;1;9735833542;B
20240304;100720;581.25;1;9735833548;S
20240304;100720;581.3;9;9735833663;B
20240304;100720;581.4;11;9735833664;B
20240304;100724;581.25;4;9735834683;S
20240304;100726;581.4;1;9735834950;B
20240304;100727;581.25;8;9735835164;S
20240304;100728;581.4;1;9735835435;B
20240304;100728;581.4;3;9735835506;B
20240304;100730;581.4;1;9735835964;B
20240304;100730;581.4;5;9735836056;B
20240304;100731;581.2;4;9735836198;S
20240304;100733;581.4;16;9735836772;B
20240304;100733;581.4;3;9735836773;B
20240304;100733;581.4;1;9735836774;B
20240304;100733;581.4;5;9735836775;B
20240304;100734;581.4;1;9735836797;B
20240304;100734;581.35;1;9735837015;B
20240304;100734;581.2;2;9735837052;S
20240304;100737;581.2;41;9735837535;S
20240304;100737;581.2;2;9735837536;S
20240304;100737;581.1;7;9735837537;S
20240304;100738;581.2;10;9735837697;B
20240304;100740;581.15;1;9735838788;B
20240304;100740;581.15;3;9735838942;B
20240304;100740;581.15;40;9735839011;B
20240304;100740;581.15;6;9735839012;B
20240304;100743;581.15;3;9735839667;B
20240304;100744;581.2;20;9735839922;B
20240304;100746;581;1;9735840264;S
20240304;100747;581.2;20;9735840538;B
20240304;100747;581.25;30;9735840539;B
20240304;100747;581.25;25;9735840540;B
20240304;100747;581.25;47;9735840541;B
20240304;100747;581.3;1;9735840542;B
20240304;100747;581.35;5;9735840543;B
20240304;100747;581.35;2;9735840544;B
20240304;100750;581.05;30;9735841103;S
20240304;100750;581;16;9735841104;S
20240304;100750;581.15;4;9735841271;S
20240304;100751;581.15;3;9735841399;S
20240304;100753;581.2;2;9735841975;B
20240304;100754;581.1;5;9735842279;B
20240304;100754;581.15;1;9735842554;B
20240304;100755;581.1;2;9735842976;S
20240304;100755;581.05;49;9735842977;S
20240304;100755;581;6;9735842978;S
20240304;100755;581;3;9735842979;S
20240304;100755;581;2;9735842980;S
20240304;100755;581;213;9735842981;S
20240304;100755;581.2;17;9735843017;B
20240304;100759;581.2;13;9735843846;B
20240304;100759;581.2;49;9735843847;B
20240304;100759;581.2;46;9735843848;B
20240304;100759;581.25;137;9735843849;B
20240304;100759;581.25;193;9735843850;B
20240304;100759;581.3;100;9735843851;B
20240304;100759;581.3;20;9735843852;B
20240304;100759;581.25;30;9735843979;B
20240304;100759;581.3;430;9735843980;B
20240304;100759;581.35;137;9735843981;B
20240304;100759;581.35;25;9735843982;B
20240304;100759;581.35;378;9735843983;B
20240304;100801;581.15;3;9735844314;S
20240304;100802;581.2;1;9735844564;B
20240304;100802;581.35;4;9735844565;B
20240304;100802;581.35;28;9735844580;B
20240304;100802;581.35;46;9735844581;B
20240304;100802;581.35;96;9735844582;B
20240304;100802;581.35;30;9735844583;B
20240304;100802;581.1;44;9735844716;S
20240304;100803;581.3;14;9735844791;B
20240304;100803;581.3;44;9735844792;B
20240304;100803;581.35;41;9735844793;B
20240304;100804;581.3;25;9735845121;B
20240304;100804;581.35;75;9735845122;B
